2910 4716
122 227 130 242 .
177 194 221 257 48
567 190 720 245 LAELIUS
737 190 787 244 DE
805 189 970 244 AMICITIA

174 356 271 420 redeo
296 355 336 418 ad
360 353 553 438 Scipionem,
576 353 667 417 cuius
691 353 795 416 omnis
820 373 925 416 sermo
949 355 1017 415 erat
1042 351 1080 414 de
1103 351 1260 438 amicitia)
1281 374 1356 436 que-

174 443 322 529 rebatur,
351 443 437 527 quod
465 441 615 506 omnibus
643 441 677 505 in
701 442 796 506 rebus
819 439 967 505 homines
990 439 1211 525 diligentiores
1235 445 1356 526 essent3
1383 454 1386 461 '

176 553 290 616 capras
314 535 346 595 et
370 553 446 596 oves
465 533 546 614 quot
565 530 700 614 quisque
719 529 861 614 haberet,
885 528 989 593 dicere
1007 550 1111 614 posse,
1134 529 1255 594 amicos
1276 534 1356 614 quot
1423 525 1424 528 '

174 619 317 706 haberet,
339 641 404 684 non
427 640 522 704 posse
546 618 659 702 dicere,
683 621 715 682 et
737 617 772 681 in
795 617 860 681 illis
884 616 1013 701 quidem
1031 617 1183 701 parandis
1203 617 1362 682 adhibere

175 731 300 793 curam,
327 708 362 772 in
390 708 502 771 amicis
530 707 686 792 eligendis
714 705 915 792 neglegentis
943 727 1011 770 esse
1038 702 1098 770 nec
1120 705 1238 771 habere
1263 707 1355 791 quasi

69 816 72 820 ·
175 796 269 882 signa
298 796 454 881 quaedam
482 800 514 860 et
542 800 650 879 notas,
679 794 796 880 quibus
824 816 892 879 θοι,
923 794 978 878 qui
1002 794 1042 858 ad
1065 793 1224 859 amicitias
1248 800 1356 859 essent

175 885 298 969 idonei,
328 884 515 949 iudicarent.
562 883 646 948 Sunt
668 883 770 969 igitur
792 883 878 947 firmi
902 887 934 947 et
958 882 1091 947 stabiles
1115 887 1147 947 et
1170 887 1355 948 constantes

116 1026 119 1031 .
175 972 329 1059 eligendi,
353 973 444 1037 ouius
467 972 594 1058 generis
618 976 666 1036 est
684 993 804 1056 magna
821 971 963 1055 penuria.
1000 970 1045 1035 Et
1063 971 1204 1059 iudicare
1223 971 1355 1036 difficile

176 1065 225 1125 est
253 1083 329 1125 sane
357 1061 421 1125 nisi
449 1065 630 1146 expertum,
663 1060 891 1144 experiendum
919 1063 1027 1125 autem
1050 1059 1157 1123 estin
1180 1061 1252 1144 ipra
1276 1060 1355 1136 ami-

175 1149 260 1214 citia.
297 1147 348 1213 Ita
371 1148 550 1234 praecurrit
573 1148 716 1213 amicitia
739 1147 895 1212 iudicium
918 1148 1069 1232 tollitque
1093 1148 1277 1232 experiendi
1299 1170 1355 1232 po-

175 1241 336 1302 testatem.
383 1235 441 1302 63.
478 1237 539 1302 Est
567 1238 669 1322 igitur
696 1237 865 1322 prudentis
893 1235 1052 1301 sustinere
1080 1241 1118 1301 ut
1141 1259 1284 1322 cursum,
1308 1237 1355 1301 sic

176 1326 336 1410 impetum
358 1326 609 1411 benevolentiae,
633 1347 697 1410 quo
720 1330 850 1389 utamur
863 1325 1081 1410 'quasiequis
1104 1326 1284 1410 temptatis,
1309 1325 1355 1388 ric

176 1415 321 1478 amicitia
348 1414 523 1497 exaliqua
549 1418 642 1498 parte
664 1413 856 1497 periclitatis
878 1412 1024 1477 moribus
1047 1413 1231 1478 amicorum.
1279 1412 1355 1490 Qui-

80 1547 82 1551 .
175 1503 250 1567 dam
283 1525 377 1586 saepe
407 1502 441 1565 in
471 1525 570 1586 parva
598 1503 735 1586 pecunia
763 1502 1004 1586 perspiciuntur
1035 1523 1132 1586 quam
1162 1502 1228 1567 sint
1257 1502 1354 1587 leveS,

176 1591 307 1675 quidam
337 1595 458 1674 autem,
486 1612 566 1674 quos
594 1613 694 1674 parva
721 1612 850 1655 movere
878 1612 943 1654 non
970 1590 1092 1675 potuit,
1115 1595 1354 1675 cognoscuntur

175 1680 209 1743 in
235 1700 360 1764 magna.
412 1677 470 1743 Sin
498 1683 591 1742 erunt
618 1679 720 1763 aliqui
748 1678 880 1763 reperti,
914 1679 970 1762 qui
996 1678 1166 1762 pecuniam
1193 1680 1354 1763 praeferre

70 1845 72 1848 y
175 1767 337 1831 amicitiae
357 1767 522 1831 sordidum
542 1768 736 1852 existiment,
754 1768 811 1831 ubi
830 1789 884 1832 eor
903 1767 1112 1851 inveniemus,
1132 1768 1188 1852 qui
1206 1768 1354 1851 honores,

176 1856 398 1940 magistratus,
416 1855 560 1940 imperia,
578 1860 765 1940 potestates,
788 1877 865 1940 opes
884 1855 1045 1919 amicitiae
1063 1878 1129 1920 non
1148 1859 1354 1940 anteponant,

174 1947 221 2028 ut,
245 1965 318 2007 cum
342 1965 381 2007 ex
405 1943 506 2007 altera
528 1947 619 2028 parte
641 1943 809 2028 proposita
827 1943 906 2007 haec
926 1943 1000 2029 rint,
1024 1965 1063 2007 ex
1081 1943 1184 2007 altera
1201 1945 1252 2007 ius
1276 1943 1355 2007 ami-

174 2031 282 2116 citiae,
310 2053 376 2095 non
404 2031 509 2097 multo
537 2032 595 2095 illa
621 2032 759 2097 malint?
790 2031 958 2096 Imbecilla
986 2031 1071 2096 enim
1101 2036 1151 2096 est
1173 2035 1289 2111 natura
1312 2031 1354 2096 ad

177 2120 442 2184 contemnendam
465 2121 658 2205 potentiam,
683 2143 780 2204 quam
804 2120 931 2184 etiamsi
953 2120 1100 2206 neglecta
1119 2120 1262 2184 amicitia
1281 2141 1354 2185 con·
1378 2144 1382 2152 ·

174 2209 276 2273 secuti
305 2209 385 2293 sint,
415 2210 622 2273 obscuratum
651 2210 692 2273 iri
719 2209 931 2293 arbitrantur,
956 2209 1121 2294 quianon
1145 2210 1354 2294 sinemagna

211 2365 310 2418 cuius
333 2366 438 2419 omnis
454 2367 485 2432 ff.
511 2365 573 2418 ‘der
594 2365 641 2419 bei
656 2365 738 2434 jeder
791 2364 983 2434 folgedessen,
1016 2381 1069 2434 quo
1092 2391 1127 2411 =
1150 2372 1182 2420 ut
1204 2368 1264 2435 eo),
1298 2363 1352 2418 wie

174 2433 361 2504 Gelegenheit
385 2435 455 2488 tiber
481 2435 527 2488 die
549 2435 594 2488 rr.
614 2434 736 2504 sprach'.
790 2452 845 2488 von
868 2434 960 2488 einem
983 2435 1133 2505 erprobten
1152 2435 1297 2504 Gespann,
1322 2451 1353 2490 so

173 2505 207 2558 In
235 2504 367 2558 auderem
395 2504 480 2558 Sinna
504 2512 519 2571 5
539 2511 554 2559 5
578 2506 658 2560 euius
681 2512 738 2560 toto
790 2521 845 2558 von
873 2505 937 2559 dem
963 2505 1049 2559 durch
1076 2505 1122 2559 die
1147 2505 1355 2560 qundschaft

176 2576 328 2644 dmpatatc'o
346 2582 391 2631 est.
791 2575 1008 2645 einigermalsen
1029 2576 1181 2645 erprobten
1198 2576 1355 2631 Charakter

206 2662 303 2716 posse
326 2677 360 2687 -
383 2662 450 2702 coa
474 2662 584 2716 posse,
612 2663 647 2700 zu
669 2651 737 2712 519
792 2647 843 2699 der
860 2647 987 2701 Freunde
1007 2646 1156 2701 Gebrauch
1173 2666 1208 2700 ιιι
1226 2647 1351 2701 macheu.

173 2733 232 2772 noa
246 2724 340 2786 potest.
786 2734 789 2738 ·
828 2719 979 2786 quasi-
998 2718 1163 2787 sicselten,
1183 2720 1354 2773 stattut-

210 2789 309 2857 quase'
327 2820 361 2829 —
380 2789 555 2857 quaedum,
573 2806 607 2842 zu
625 2793 641 2854 5
659 2793 703 2842 48.
791 2789 845 2855 sic,
872 2804 954 2842 wenn
982 2789 1032 2843 der
1058 2788 1154 2842 Inhalt
1181 2788 1230 2842 des
1257 2787 1353 2842 Satzes

210 2859 312 2929 sitan
348 2865 377 2913 et
412 2865 509 2914 notos
547 2858 737 2913 ‘Unterschei
791 2857 919 2913 Realit‘dt
937 2859 1001 2914 hat..
1033 2859 1097 2929 Vgl.
1117 2859 1177 2913 Cat.
1196 2877 1232 2921 m.
1252 2865 1267 2924 5
1288 2864 1329 2912 71.

135 2974 136 2978 ,
179 2929 445 2998 dungsmerlrmale'.
492 2929 546 2984 Cic.
576 2929 659 2983 sucht
685 2929 738 2982 mit
823 2930 1036 2997 periclitatis
1071 2928 1213 2983 assivisch.
1241 2928 1354 2982 Zuihm

174 2998 278 3052 beiden
294 3000 427 3053 Wdrtem
451 3000 502 3052 das
520 2999 625 3079 griech.
644 2998 736 3066 ιριτή-
790 2999 905 3068 ςεὴὸιι,
924 2999 974 3052 der
1000 2948 1117 3052 Abliuv
1145 3000 1204 3068 (des
1232 2999 1353 3069 Mittels)

175 3088 238 3136 ριον
264 3069 331 3122 oder
359 3078 472 3138 σημεῖον
496 3069 736 3139 medemugebem
791 3070 922 3124 amicitia.

173 3139 227 3193 das
250 3155 280 3192 er
304 3139 376 3193 such
399 3142 478 3192 sonst
496 3139 583 3193 durch
602 3140 737 3194 iudicium
826 3141 862 3194 ia
888 3155 998 3209 parva
1026 3141 1172 3209 pecunia
1206 3141 1299 3195 ‘wenn
1323 3157 1353 3195 es

176 3209 246 3264 oder
262 3216 330 3264 nota
349 3209 439 3264 allein'
452 3209 602 3265 fibersetzt.
792 3209 851 3264 sich
870 3210 989 3264 handelt
1007 3228 1055 3264 um
1070 3211 1127 3279 —'‚
1146 3229 1179 3265 zu
1197 3217 1213 3278 5
1228 3213 1311 3268 9-sed
1324 3212 1354 3266 ti

211 3268 737 3352 igiturimllbergangeaurEx-
791 3283 940 3350 tepueris.
1132 3342 1134 3346 ,

175 3351 344 3420 position,
363 3351 416 3406 wie
434 3359 450 3418 5
469 3359 510 3407 22.
827 3353 902 3419 Sia,
922 3352 964 3406 als
979 3352 1015 3406 ob
1029 3352 1230 3423 rorherginge:
1248 3354 1274 3407 st
1287 3369 1366 3422 quos·

210 3424 308 3489 sirmi
326 3455 360 3464 —
379 3429 570 3479 constantes
596 3423 661 3478 ‘von
686 3441 737 3477 un-
787 3440 879 3493 paroa
906 3440 1008 3478 moene
1035 3440 1092 3478 aon
1117 3425 1224 3492 potuit,
1255 3439 1352 3493 coquo-

175 3492 451 3560 erschr'itterlichem,
480 3494 736 3562 unwandelbarem,
790 3500 906 3549 senatur
919 3496 951 3548 ia
964 3511 1074 3564 magua.
1103 3493 1167 3563 Vgl.
1182 3511 1216 3547 zu
1231 3500 1245 3559 5
1260 3499 1295 3546 34
1308 3495 1353 3548 sin

173 3561 277 3615 festem
295 3561 470 3617 Charakter'.
757 3614 760 3620 .
791 3571 889 3619 autem.

175 3634 737 3775 ttesseradecades
791 3635 1353 3776 atltlisttmsstllthntnll‘tltt'.

176 3775 240 3828 Ace.
264 3773 318 3828 mit
340 3773 502 3845 Beziehung
521 3775 572 3828 auf
588 3775 639 3830 das
657 3775 738 3830 nicht
826 3778 980 3846 Imperio,
1003 3783 1201 3847 potestates,
1223 3794 1257 3831 au
1275 3783 1291 3844 5
1310 3783 1353 3832 54.

177 3844 383 3914 ausgedn'iohte
398 3845 605 3917 allgemeine
618 3847 737 3917 Subjelrt
790 3835 867 3901 liber
884 3864 960 3917 opes
977 3866 1011 3901 ιιι
1030 3854 1045 3914 5
1065 3854 1107 3901 22.

174 3917 305 3984 (aliquem
319 3943 352 3963 =
367 3918 442 3986 τινα)
466 3918 515 3971 des
533 3916 585 3972 Inf.
603 3919 735 3974 iudicare.
822 3919 1001 4042 plgopos'e'ta
1019 3950 1053 3958 —
1072 3920 1143 3973 siat
1169 3918 1239 3989 ‘(aur
1256 3919 1354 3989 Wahl)

791 4005 841 4042 aus
865 4005 880 4042 e
902 4005 956 4043 en.

205 4053 288 4134 ¹563.
317 4057 380 4112 Est
393 4058 502 4128 Igitur
511 4060 694 4127 prodeatis
707 4058 734 4113 ff.
826 4008 929 4115 malgto
953 4075 1051 4130 wegen
1080 4060 1129 4114 des
1157 4059 1353 4130 Komparativ-

176 4125 229 4178 Dre
247 4125 384 4196 Klugheit
406 4127 548 4199 verlangt,
572 4129 627 4182 den
650 4145 736 4200 unge·
789 4129 921 4200 begriffes
940 4129 971 4184 in
989 4132 1095 4186 mutiat.

174 4198 289 4250 str'imen
306 4196 404 4268 Drang
423 4199 472 4252 der
491 4198 664 4269 Zuneigung‚
683 4200 736 4253 wie
825 4202 1004 4256 Imbecillos
1021 4201 1085 4256 wir:
1107 4202 1158 4256 ‘zu
1176 4201 1327 4255 schwach’.

177 4266 232 4320 den
256 4267 332 4321 Lauf
354 4268 441 4339 (eines
460 4269 609 4340 Wagens),
629 4272 737 4325 vorerst
825 4272 1038 4327 obscuratum
1060 4272 1120 4338 iri,
1144 4271 1206 4325 dass
1225 4271 1271 4325 ihr
1284 4271 1353 4326 Ver-

79 4368 97 4443 Ι
162 4352 201 4388 ιιι
222 4338 357 4392 hemmen
377 4342 545 4411 (manere),
568 4359 615 4395 um
635 4359 665 4396 so
684 4341 736 4415 (in-
790 4343 881 4412 gehen
896 4342 984 4396 durch
999 4341 1152 4396 denGlanz
1166 4342 1243 4396 ihrer
1256 4342 1354 4398 Macht
