2910 4716
518 257 595 313 CAP.
614 257 746 312 XI-XII.
785 263 800 323 ξ
818 263 932 312 39-41.
1123 260 1127 266 “
1262 257 1310 348 ’37
1369 281 1372 285 ·

86 438 90 445 ·
134 441 171 486 eo
194 419 276 505 loco,
299 419 403 484 Fanni
427 423 459 484 et
483 418 645 504 Scaevola,
667 418 766 484 locati
789 441 910 503 sumus,
929 422 966 483 ut
989 440 1049 482 nos
1071 418 1168 504 longe
1186 420 1312 503 prospi-

135 529 206 588 cere
230 512 377 593 oporteat
400 509 528 573 futuros
552 529 645 573 casus
668 507 889 593 reipublicae.
926 506 1066 572 Deflexit
1085 507 1150 571 iam
1169 508 1312 592 aliquan-

135 602 206 661 tum
239 597 277 660 de
311 596 416 681 spatio
450 596 673 680 curriculoque
704 596 901 665 consuetudo
931 595 1099 660 maiorum.
1146 592 1204 660 41.
1241 595 1311 660 Tib.

29 703 31 707 ·
136 684 299 750 Gracchus
322 706 460 770 regnum
483 703 643 768 occupare
662 689 796 750 conatus
816 689 874 770 est,
897 683 948 748 vel
967 683 1116 768 regnavit
1134 683 1162 747 is
1181 683 1312 767 quidem

133 793 254 858 paucos
282 795 417 837 menses.
463 771 553 837 Num
580 771 658 857 quid
687 772 792 837 simile
815 771 954 857 populus
978 772 1143 836 Romanus
1167 772 1313 836 audierat

65 898 68 902 ·
134 865 191 926 aut
214 862 360 926 viderat?
396 860 494 925 Hunc
517 861 614 925 etiam
637 864 713 944 post
735 865 874 926 mortem
893 861 994 926 secuti
1019 861 1114 924 amici
1133 864 1165 924 et
1182 860 1313 944 propin-

135 950 191 1033 qui
211 949 289 1034 quid
307 950 341 1013 in
355 949 390 1013 P.
406 948 555 1033 Scipione
574 949 745 1035 effecerint,
764 949 832 1014 sine
850 949 992 1014 lacrimis
1011 970 1077 1012 non
1099 970 1180 1032 queo
1200 948 1312 1012 dicere.

135 1036 222 1102 Nam
255 1036 451 1122 Carbonem,
484 1059 611 1122 quoque
643 1037 739 1102 modo
771 1038 953 1122 potuimus,
988 1040 1122 1122 propter
1154 1040 1313 1101 recentem

135 1147 273 1209 poenam
296 1124 365 1190 Tib.
391 1124 528 1190 Gracchi
551 1125 780 1211 sustinuimus3
805 1125 843 1190 de
868 1125 900 1190 Ο.
921 1124 1058 1190 Gracchi
1081 1127 1190 1189 autem
1212 1124 1314 1190 tribu-

136 1218 214 1278 natu
248 1213 326 1299 quid
358 1217 556 1299 exspectem,
588 1236 653 1278 non
684 1214 776 1279 lubet
808 1214 968 1299 augurari.
1024 1211 1132 1297 Serpit
1163 1213 1247 1278 enirn
1278 1213 1315 1276 iu

135 1304 201 1366 dies
230 1323 295 1387 res,
326 1323 407 1386 quae
437 1301 590 1386 proclivis
619 1303 659 1367 ad
685 1303 874 1388 perniciem,
899 1314 977 1367 'cum
1001 1301 1098 1366 semel
1122 1301 1242 1387 coepit,
1269 1299 1314 1364 la-

135 1390 232 1455 bitur.
277 1389 418 1474 Videtis,
451 1391 484 1454 in
517 1391 638 1455 tabella
668 1391 734 1456 iam
766 1395 840 1456 ante
872 1394 993 1475 quanta
1026 1389 1069 1454 sit
1100 1390 1187 1454 facta
1214 1388 1314 1474 labes,

135 1479 242 1562 primo
272 1477 409 1543 Gabinia
436 1478 521 1564 lege,
547 1479 678 1544 biennio
707 1483 815 1545 autem
844 1483 919 1565 post
943 1478 1062 1543 Cassia.
1107 1478 1226 1542 Videre
1248 1477 1328 1542 iam.
1413 1502 1419 1511 ·

136 1567 248 1632 videor
270 1567 427 1651 populum
451 1589 470 1630 a
494 1573 607 1632 senatu
631 1568 836 1653 disiunctum,
859 1567 1080 1631 multitudinis
1103 1565 1238 1630 arbitrio
1263 1587 1315 1629 res
1396 1624 1399 1628 ,

80 1671 84 1677 ’
137 1656 295 1719 maximas
314 1655 376 1740 agi.
413 1655 528 1720 Plures
547 1655 633 1719 enirn
652 1656 785 1741 discent,
804 1677 900 1740 quem
919 1656 1109 1720 admodum
1128 1653 1207 1717 haec
1226 1654 1315 1736 fiant,

138 1861 300 1926 lichtseine
314 1863 528 1934 ursprdngliche
543 1862 699 1917 affirma·
754 1863 886 1918 dasVollr
893 1880 991 1934 wegen
1002 1864 1052 1919 der
1061 1860 1172 1917 nochin
1182 1862 1315 1916 frisehem

140 1933 209 1988 tive
228 1934 396 2004 Bedeutung
413 1933 519 1988 behele.
752 1935 909 1989 Andenken
947 1933 1101 1989 stehenden
1136 1933 1316 2002 Ermordung

173 2021 207 2060 ec
232 2006 301 2060 loeo
319 2036 353 2044 —
373 2005 477 2060 locati
499 2022 612 2060 sumus
637 2004 699 2058 ‘wir
753 2005 802 2060 cles
821 2005 863 2059 ul.
886 2004 1027 2059 Gracchus
1047 2007 1167 2074 (propter
1185 2010 1316 2060 recentem

139 2074 196 2145 (die
225 2074 397 2144 Optimaten)
429 2075 641 2129 befindenmns
668 2074 699 2142 in
749 2077 877 2146 poenam)
897 2093 931 2128 zu
950 2076 1082 2130 erbittert
1099 2092 1165 2129 war.
1427 2077 1430 2080 ’

139 2145 216 2200 einer
235 2145 349 2199 solchen
367 2146 464 2214 Lage’.
789 2145 1315 2211 de—tribunctu‘voneinem-’,

175 2217 323 2284 spatium
359 2214 417 2269 ‘die
448 2215 552 2282 Bahn’,
588 2216 698 2271 curri·
755 2217 805 2271 das
825 2216 852 2271 C.
873 2215 918 2270 Gr,
937 2215 1067 2269 wirklich
1086 2221 1137 2268 123
1152 2233 1175 2269 v.
1192 2214 1253 2268 Chr.
1274 2230 1316 2267 er-

139 2288 250 2341 culum
265 2285 328 2340 ‘das
337 2284 458 2340 Geleise’
474 2285 623 2340 innerhalb
639 2285 700 2339 der·
753 2286 859 2411 lanhpte.

140 2356 244 2411 selben.
295 2355 427 2410 Dieselbe
459 2357 606 2426 Metapher
637 2373 700 2411 vom
815 2358 904 2425 eupit
929 2357 969 2411 ‘es
988 2355 1074 2426 greift
1092 2373 1139 2409 um
1157 2355 1238 2422 sich’,
1260 2365 1344 2408 von·

141 2426 270 2482 Stadium
288 2433 303 2493 5
324 2432 382 2481 101.
753 2428 804 2482 der
836 2425 1084 2481 allmthlichen
1114 2426 1315 2494 Ausbreitmg,

175 2496 260 2569 341.
297 2498 592 2621 υέῑ-ι-υθῑρὲιτὶυξ.ι
642 2566 648 2578 ⁸
689 2567 697 2593 '
754 2497 1160 2580 sowohlmgutem(§st)‚
1186 2496 1316 2565 als‚wie

139 2568 408 2762 pssunt?
421 2567 462 2690 h
477 2566 700 2692 ullmltltltln
754 2567 1314 2717 ffitnssldtts'ssnttsugug.

167 2708 294 2777 ersuche)
307 2707 400 2776 hinzu,
415 2725 449 2777 zu
463 2714 523 2773 §24
536 2709 578 2763 itu
591 2714 623 2762 ut
636 2713 701 2762 erut.
789 2708 968 2777 proclivis,
988 2706 1149 2779 adverbrell.

140 2778 237 2833 Ltlius
253 2777 368 2832 beaieht
384 2776 444 2832 sich
459 2777 510 2831 auf
522 2776 573 2830 das
586 2776 703 2846 gewalt-
793 2779 903 2847 eoepit
921 2795 957 2832 sc.
978 2779 1042 2832 labi.

142 2865 219 2903 same
242 2848 398 2902 Verfahren
421 2848 470 2901 des
493 2847 535 2903 Ti.
561 2846 702 2901 Gracchus
793 2850 883 2904 tabes
919 2847 1071 2918 cigentlich
1103 2847 1248 2917 limatura,
1286 2846 1316 2900 in
1350 2862 1352 2867 ’

140 2919 188 2974 bei
201 2919 366 2989 Absetaung
380 2918 470 2973 seines
483 2919 703 2988 Amtsgenossen
757 2918 919 2974 demselben
941 2918 1035 2987 Bilde,
1056 2918 1109 2973 wie
1128 2920 1227 2973 vorher
1250 2920 1318 2986 tabe,

42 3015 45 3019 ·
142 2991 179 3045 M.
200 2989 344 3045 Oktavius.
760 2990 836 3044 darm
856 2989 1017 3044 ‘Schaden'.·

128 3115 130 3120 ,
177 3063 307 3131 quidem
332 3061 384 3114 hat
410 3059 471 3113 sich
496 3077 533 3114 an
558 3059 609 3113 das
635 3060 702 3113 Pro·
793 3062 944 3116 Gabinia
959 3061 1199 3131 leye-Oassiu.
1221 3060 1318 3114 Durch

141 3148 244 3189 nomen
262 3132 320 3201 (is),
341 3132 391 3184 das
410 3129 449 3183 im
467 3129 500 3185 D.
520 3130 702 3184 untibersetzt
757 3135 861 3186 erstere
887 3134 962 3202 (139)
984 3132 1081 3185 wurde
1107 3131 1235 3201 gebeime
1260 3131 1318 3184 Ab·

140 3201 245 3269 bleiht,
265 3201 494 3270 angeschlossen,
514 3200 615 3270 gehort
634 3199 702 3254 aber
756 3202 910 3271 stimmung
933 3202 1050 3273 (mittels
1072 3201 1317 3270 Stimmt'sfelehen

142 3290 176 3325 zu
186 3288 291 3340 paucos
304 3274 377 3341 (nur
390 3273 436 3340 w.)
450 3288 552 3325 meuses
562 3297 596 3316 =
608 3269 702 3324 ‘aller-
755 3299 790 3318 =
804 3274 934 3341 tabellae)
956 3272 1002 3325 fiir
1025 3273 1071 3325 die
1092 3271 1317 3341 Magistratu-

143 3342 247 3412 dings'.
755 3342 901 3408 wahlen‚
929 3342 1017 3395 durch
1040 3342 1156 3395 letztere
1175 3343 1249 3410 (137)
1272 3341 1318 3395 fur

178 3419 237 3467 aut
256 3412 335 3467 ‘oder
353 3411 425 3482 gar'.
756 3412 802 3466 die
821 3411 1085 3481 Volksgerichte
1104 3411 1272 3482 eingefthrt.

148 3555 153 3566 Ι
177 3485 213 3537 tu
231 3484 266 3566 P.¹
285 3481 443 3563 Scipione
457 3482 510 3562 '‘an
528 3481 635 3570 —'·,”zu
654 3487 700 3547 ξε)
795 3483 914 3563 Videre
939 3484 1005 3564 ium
1017 3484 1150 3580 'uideor'
1170 3482 1227 3536 ‘ich
1242 3483 1318 3563 'sehe

142 3552 703 3693 stsslsatssshttenus
758 3552 1320 3694 attendentis.tileth
1395 3598 1400 3605 ·

142 3696 323 3762 suspicentur.
757 3701 815 3761 §71
831 3702 903 3750 ut-
912 3696 992 3764 quast
1006 3697 1205 3750 terramuidere
1214 3695 1320 3749 uidear..

109 3778 111 3784 ’
178 3765 361 3831 effecerint
387 3763 620 3817 ‘durchausetzen
643 3780 703 3818 ver·
789 3767 953 3835 populum
984 3764 1047 3819 hier
1077 3765 1117 3817 im
1148 3765 1322 3834 politischen.

143 3835 227 3888 sucht
244 3834 359 3888 haben'.
757 3834 914 3905 Gegensatz
933 3854 967 3888 zu
985 3843 1118 3901 senatum,
1137 3836 1187 3889 der
1206 3835 1318 3888 Senats-
1396 3889 1404 3893 .

178 3922 244 3959 nou
269 3921 366 3974 queo,
390 3904 508 3959 niemals
531 3921 633 3975 nequeo
655 3905 703 3959 bei
756 3905 857 3975 parcet,
877 3907 903 3961 d.
922 3905 941 3960 i.
966 3906 1021 3959 den
1040 3905 1210 3975 Optimaten.

143 3975 247 4030 Cicero.
794 3975 1178 4033 multitudinissseachte
1304 3979 1318 4030 t

179 4047 213 4100 N
215 4064 265 4101 um
284 4050 328 4116 (zu
347 4053 362 4112 5
381 4048 439 4114 39):
463 4063 516 4100 von
535 4045 625 4100 Carbo
643 4044 704 4099 will
758 4047 807 4101 des
827 4047 999 4115 Asyndeton.
1174 4046 1177 4051 ’

143 4117 190 4171 ich
209 4133 261 4187 gar
278 4115 359 4170 nicht
376 4117 470 4185 reden,
490 4117 583 4171 denn.
794 4120 850 4188 apt
869 4119 929 4171 ‘aur
946 4116 1101 4171 Entscheid
1353 4153 1356 4156 ·

36 4228 40 4237 .
179 4204 304 4256 quoque
330 4186 514 4242 archaistisch
529 4215 563 4234 =
578 4204 704 4258 qwcum·
757 4189 891 4258 werden’‚
914 4189 1095 4242 verschieden
1137 4189 1139 4193 ’

144 4274 201 4326 que.
758 4261 854 4328 ulique
871 4277 900 4315 re
910 4286 943 4305 =
953 4259 1023 4313 iiber
1037 4261 1132 4315 etwas.

180 4329 408 4394 sustinuimus
441 4328 503 4382 ‘wir
533 4329 627 4383 haben
655 4329 705 4382 ihn
793 4333 872 4386 boec
901 4331 949 4384 die
974 4328 1103 4382 reuoluti
1425 4354 1431 4360 -

143 4400 245 4467 tragen
260 4398 296 4468 (d.
312 4398 329 4452 i.
346 4399 479 4472 schonen)
493 4401 631 4472 milacem,
642 4399 712 4456 weil
764 4418 891 4457 mnnen.
