2910 4716
148 205 193 268 24
535 205 688 260 LAELIUS
706 205 755 259 DE
773 205 939 260 AMICITIA

148 367 280 453 habere,
309 367 439 451 quicum
467 367 576 431 omnia
604 368 721 431 audeas
744 367 791 431 sio
813 367 904 451 loqui
926 371 964 430 ut
986 367 1115 431 tecum?
1157 365 1220 443 Qui
1243 369 1330 430 esset

150 459 261 520 tantus
284 455 409 521 fructus
433 455 468 520 in
490 456 653 540 prosperis
677 457 782 539 rebus,
805 455 868 520 uisi
891 455 1035 541 haberes,
1059 455 1115 539 qui
1137 454 1204 518 uus
1227 476 1329 538 aeque

151 565 188 608 ac
217 549 254 608 tu
283 543 353 628 ipse
383 544 558 630 gauderet?
594 544 743 608 adversas
773 566 849 609 vero
876 544 960 609 ferre
989 543 1120 608 difficile
1147 547 1232 608 esset
1259 542 1330 606 sine

151 654 202 718 eo,
231 633 286 717 qui
313 632 387 697 illas
416 632 547 718 gravius
570 633 668 698 etiam
696 655 793 718 quam
820 637 857 697 tu
882 632 989 697 ferret.
1034 633 1181 716 Denique
1205 636 1329 696 ceterae

80 801 83 809 Ι
151 743 218 806 res,
255 743 336 804 quae
371 725 580 806 expetuntur,
617 725 816 806 opportunae
849 725 925 785 sunt
957 721 1102 806 singulae
1134 719 1230 784 rebus
1262 720 1331 783 fere

153 809 299 894 singulis,
323 809 464 894 divitiae,
486 813 523 873 ut
541 813 642 892 utare,
666 831 751 896 opes,
774 813 811 873 ut
830 809 944 896 colare,
966 810 1115 893 honores,
1133 812 1170 872 ut
1189 808 1331 893 laudere,

153 897 345 983 voluptates,
369 901 406 962 ut
423 898 573 984 gaudeas,
597 897 756 984 valetudo,
779 902 816 962 ut
836 898 945 962 dolore
964 919 1071 963 careas
1091 901 1124 962 et
1141 896 1330 961 muneribus

151 986 287 1070 fungare
319 987 479 1071 corporis,
509 986 652 1051 amicitia
681 1008 732 1051 res
761 986 918 1071 plurimas
948 986 1104 1071 contiuet3
1138 1007 1267 1070 quoquo
1297 989 1330 1048 te

152 1074 301 1160 verteris,
330 1077 459 1158 praesto
490 1078 551 1160 est,
579 1075 668 1139 nullo
696 1075 768 1139 loco
793 1075 987 1160 excluditur,
1016 1096 1194 1158 numquam
1216 1075 1331 1138 intem-

152 1163 290 1247 pestiva,
313 1184 490 1247 numquam
513 1163 650 1227 molesta
673 1166 735 1249 est,
762 1164 872 1248 itaque
894 1186 959 1228 uon
983 1186 1079 1248 aqua,
1104 1185 1170 1227 non
1192 1163 1271 1248 igni,
1293 1166 1332 1226 ut

153 1252 258 1337 aiunt,
284 1250 365 1315 locis
392 1251 540 1336 pluribus
564 1251 686 1315 utimur
710 1274 807 1336 quam
830 1253 980 1316 amicitia.
1025 1251 1140 1336 Neque
1163 1273 1222 1336 ego
1246 1271 1333 1315 nuuc

154 1340 192 1403 de
222 1339 349 1425 vulgari
379 1343 435 1402 aut
466 1340 504 1403 de
533 1340 701 1426 mediocri,
731 1362 812 1424 quae
842 1344 951 1405 tamen
980 1340 1051 1424 ipsa
1078 1344 1110 1404 et
1138 1340 1275 1405 delectat
1299 1342 1331 1403 et

152 1428 298 1513 prodest,
330 1427 386 1492 sed
417 1428 455 1492 de
484 1449 559 1492 vera
589 1432 621 1492 et
650 1427 792 1513 perfecta
821 1429 951 1513 loquor,
983 1428 1087 1512 qualis
1119 1450 1243 1512 eorum,
1275 1428 1331 1511 qui

153 1517 247 1601 pauci
279 1517 500 1601 nominantur,
532 1516 604 1581 fuit.
649 1517 735 1583 Nam
767 1520 800 1581 et
832 1518 986 1581 secundas
1016 1539 1067 1581 res
1098 1516 1333 1601 splendidiores

155 1605 232 1669 facit
255 1605 397 1669 amicitia
420 1608 453 1669 et
475 1605 626 1670 adversas
649 1605 793 1691 partiens
817 1607 1120 1690 communicansque
1142 1605 1287 1669 leviores.

243 1691 316 1757 VH.
363 1691 421 1758 23.
468 1691 612 1776 Cumque
644 1694 801 1778 plurimas
834 1698 866 1758 et
897 1695 1055 1759 maximas
1088 1694 1334 1760 commoditates

155 1782 297 1847 amicitia
325 1782 501 1867 contineat,
530 1785 601 1847 tum
628 1783 686 1847 illa
712 1782 865 1847 nimirum
893 1786 1037 1866 praestat
1060 1783 1223 1868 omnibus,
1247 1782 1335 1866 quod

192 1957 324 2024 quicum
337 1954 450 2010 bezieht
464 1955 525 2010 sich
539 1955 717 2026 gewuhnlich
773 1954 879 2009 streclrt
902 1954 963 2008 sich
987 1955 1057 2008 uber
1082 1955 1145 2008 sehr
1170 1954 1242 2009 viele
1264 1955 1334 2010 Ver-

157 2025 209 2079 auf
225 2025 288 2080 eine
306 2025 506 2080 unbestimmte
524 2027 642 2095 Person;
664 2044 719 2081 von
770 2024 930 2080 hultnisse’.

157 2096 234 2151 einer
258 2095 441 2151 bestimmten
464 2098 541 2151 steht
563 2116 616 2151 nur
640 2115 717 2167 quo·
808 2099 956 2152 certeris.
1007 2097 1064 2152 Der
1095 2095 1270 2167 Konjunktiv
1304 2096 1335 2150 in

157 2185 225 2224 eum.
773 2167 837 2221 dem
870 2166 1177 2238 verallgemcinernden
1210 2167 1335 2221 Relativ-

195 2238 259 2308 Qui
278 2237 398 2294 esactff.
421 2237 494 2292 ‘wie
513 2238 718 2293 beschaffen
773 2241 850 2293 satze
868 2255 968 2308 wegen
986 2239 1036 2292 dcs
1058 2237 1246 2309 allgemcinen
1265 2238 1335 2292 Sub-

157 2313 231 2362 ware
247 2309 296 2363 der
309 2325 339 2362 so
348 2309 423 2363 hohc
433 2307 717 2365 GenussimGlucht'
770 2308 848 2378 jekts
866 2326 949 2364 man.
987 2309 1111 2364 Beachte
1135 2310 1185 2363 das
1205 2310 1335 2379 Tempus.

158 2381 184 2432 d.
208 2380 234 2433 h.
263 2396 292 2433 er
318 2384 393 2433 wure
421 2398 474 2433 nur
501 2379 614 2450 gcring3
646 2383 720 2450 quis
809 2381 924 2448 itaque
944 2381 1013 2432 ‘und
1032 2381 1083 2434 so'.

158 2448 495 2506 cmctffuurdeheilsen:
514 2450 634 2505 welches
644 2456 720 2505 ware
809 2457 845 2505 ut
863 2451 977 2516 uiuat,
996 2468 1030 2503 zu
1049 2457 1064 2516 ξ
1084 2457 1125 2505 19.

157 2520 319 2590 uberhaupt
351 2521 400 2574 der
433 2538 463 2576 so
494 2521 568 2575 hohc
597 2521 719 2576 Genuss?
811 2522 894 2576 locis
915 2519 1168 2591 ‘Gelegenheitcn'.

159 2592 184 2646 d.
196 2591 223 2646 h.
235 2608 264 2645 es
274 2596 348 2645 ware
358 2593 519 2661 uberhaupt
528 2591 595 2646 kein
605 2591 719 2647 Genuss.
809 2592 982 2660 mediocri,
997 2591 1103 2647 welche
1118 2591 1164 2646 dic
1176 2591 1260 2646 Mitte
1273 2592 1337 2646 halt

194 2664 266 2718 siue
284 2679 331 2729 co,
350 2664 407 2732 qui
422 2663 506 2717 ‘ohne
521 2661 633 2732 einen,
649 2664 719 2718 der’.
775 2661 913 2716 zwisehcn
955 2663 1005 2716 der
1040 2662 1246 2718 Freundschaft
1288 2663 1338 2716 des

195 2740 333 2803 ceterae,
352 2732 532 2803 proleptisoh‚
551 2752 585 2787 zu
604 2740 619 2800 ξ
636 2740 668 2788 16
688 2735 721 2790 de
775 2734 873 2803 culpus
882 2734 941 2788 und
951 2733 1001 2788 der
1011 2734 1060 2788 der
1069 2735 1212 2804 sapientes.
1233 2733 1335 2801 Stura

159 2806 252 2860 ceteris
278 2805 365 2859 rebus.
403 2804 603 2860 Subordiniere
625 2805 665 2858 im
687 2805 720 2859 D.
812 2806 887 2873 ipsu
907 2805 991 2858 ‘auch
1010 2805 1116 2860 schon'.

163 2875 396 2929 ‘wahrend...’.
813 2877 870 2943 qui
892 2877 1013 2945 pauci,
1045 2893 1080 2928 zu
1107 2883 1122 2941 ξ
1147 2880 1179 2928 12
1209 2892 1275 2944 quos
1304 2908 1338 2916 -

197 2952 406 3015 opportunae
427 2945 582 3000 ‘dienlich'.
778 2946 967 3000 celeberrimos.

196 3017 353 3086 stupratae
375 3047 410 3055 -
433 3018 582 3086 stupetis
609 3015 650 3068 ‘in
673 3016 723 3069 der
812 3014 933 3069 Namff.
953 3015 1339 3085 Manerwartetwenigstens

160 3086 250 3156 Regel
277 3104 339 3139 nur
366 3085 410 3138 fur
436 3085 561 3140 einzelne
585 3086 721 3141 chehe’.
775 3086 842 3139 boec
858 3102 927 3140 aaa
944 3092 970 3140 et
986 3087 1175 3141 commeares
1188 3088 1241 3140 etc.
1269 3085 1339 3139 Auf-

161 3157 218 3212 Der
235 3155 368 3209 Lateiner
386 3155 458 3209 liebt
477 3173 519 3223 es,
539 3175 586 3209 zur
604 3156 723 3211 Hervor-
777 3153 884 3209 fallend
898 3155 991 3210 bleibt
1001 3155 1113 3225 jedoch‚
1134 3155 1262 3211 dassCio.
1277 3156 1341 3210 hier

161 3227 277 3296 hcbung
327 3226 375 3280 des
421 3225 723 3297 Distributivbegriffes
778 3227 923 3280 nochmals
938 3226 1340 3282 aufdieAnnehmlichkeiten

162 3299 268 3368 eiupulc'
287 3315 321 3350 zu
339 3297 518 3367 verdoppeln.
715 3362 716 3365 Ἴ
780 3297 829 3352 der
843 3297 1048 3352 Freuudschaft
1064 3297 1104 3351 im
1118 3297 1209 3353 Gluck
1227 3299 1286 3352 und
1299 3298 1340 3351 im

200 3377 303 3424 utare.
352 3367 387 3422 So
416 3368 493 3423 steht
519 3371 563 3423 uti
590 3369 725 3424 zuweilen
778 3368 910 3438 Ungluck
942 3368 1167 3439 zuruclrkommt,
1200 3369 1340 3423 nachdem

164 3439 304 3494 absolut
337 3439 367 3492 in
400 3439 464 3492 dem
497 3439 597 3495 Sinne:
636 3440 725 3495 ‘aeine
778 3439 884 3493 bereits
898 3439 1342 3509 oben(Quicsecttantusfruotus

164 3508 724 3581 (materiellcn)Bedurfnissebcstreiten,
780 3541 814 3550 -
833 3511 925 3578 ferret)
944 3509 1035 3564 davon
1054 3509 1100 3562 die
1114 3510 1192 3563 Rede
1211 3524 1340 3579 gewssen

164 3599 199 3634 zu
217 3580 301 3633 leben
318 3579 433 3633 haben'.
466 3580 527 3634 Ter.
542 3581 595 3635 Ad.
610 3580 636 3635 V
651 3587 676 3649 9,
691 3587 725 3634 23
779 3582 825 3633 1st.
851 3579 1027 3634 Vermutlich
1041 3581 1092 3634 hat
1107 3580 1156 3634 der
1170 3579 1244 3648 Sata,
1258 3595 1341 3633 wenn

167 3653 210 3704 Tu
233 3681 266 3690 -
290 3650 355 3704 bute
384 3650 492 3718 aliquid
514 3652 634 3720 paulum
657 3669 728 3720 proc
782 3666 811 3704 er
824 3650 985 3721 uberhaupt
998 3650 1063 3705 echt
1076 3650 1122 3719 ist,
1141 3651 1341 3721 ursprunglioh

165 3737 250 3776 mauu
264 3721 378 3788 dederis,
391 3721 464 3775 unde
477 3728 589 3789 etatum
608 3722 653 3776 ad.
667 3724 726 3777 Att.
780 3720 875 3774 hinter
887 3723 978 3789 ferret,
991 3739 1040 3776 vor
1051 3724 1166 3792 deaque
1175 3722 1339 3792 gestanden.

165 3791 213 3859 XI,
233 3797 274 3858 11,
295 3797 310 3844 2
329 3792 361 3846 c'd
378 3808 482 3862 qaoque
500 3794 580 3847 eelim
598 3810 660 3849 eum
676 3794 728 3847 dtu
817 3795 1077 3860 coniurauimus,
1095 3793 1190 3846 indam
1205 3792 1246 3846 sie
1261 3808 1289 3845 cs
1306 3810 1341 3844 zu

166 3863 318 3932 (Terentio)
332 3865 432 3932 cidem
447 3865 536 3930 ursit,
550 3864 726 3934 quintorum
782 3861 859 3917 einer
907 3863 1207 3934 gemeinschaftliehen
1251 3862 1341 3917 sache

202 3949 277 4001 opes
302 3933 498 4004 ‘(politischer)
517 3933 646 3988 Einfluss’
671 3934 726 4004 vgl.
780 3934 878 3988 maeht
900 3934 1030 3989 dhan
1052 3934 1214 3989 demselbcn
1234 3932 1341 3986 ‘Anteil

167 4003 226 4058 Cat.
246 4020 281 4057 m.
302 4008 355 4069 §8-
782 4023 816 4057 zu
834 4005 955 4058 nahmen
972 4004 1078 4059 heisst'.

202 4075 619 4140 cotare,zu§16eoluatwr.
817 4074 903 4145 §aa
946 4075 1222 4142 Cumque-tum
1249 4074 1342 4126 ‘wenn

202 4146 372 4213 ualetudo,
390 4145 451 4200 hier
471 4148 602 4213 bonae,
620 4164 654 4199 zu
673 4151 726 4211 58.
782 4146 869 4200 sehon
892 4176 927 4185 -
950 4161 981 4197 so
1005 4145 1102 4211 dooh'3
1130 4161 1180 4213 quc
1203 4143 1285 4197 leitet
1307 4161 1342 4196 zu

203 4217 611 4286 muneribus—eorporis
635 4217 728 4270 ‘kur-
783 4216 837 4270 den
873 4213 1026 4268 idcellen
1057 4212 1342 4268 Annehmlichkeiten

167 4285 326 4355 perliehe
344 4287 588 4357 Verrichtuugen’.
653 4289 654 4292 ’
782 4286 860 4351 uber,
879 4303 913 4338 zu
931 4291 947 4350 ς
966 4290 999 4338 22
1019 4285 1171 4354 Principio.

203 4375 254 4412 rea
287 4359 643 4444 plurpsmpa‘eqntjnet
678 4358 727 4412 ‘cr
818 4357 1139 4411 illusceoonuoditua
