2910 4716
180 225 223 289 30
238 255 241 263 ’
564 222 717 277 LAELIUS
735 222 784 276 DE
803 222 969 278 AMICITIA

179 389 238 473 eis,
269 408 350 471 quos
380 407 556 470 numquam
586 386 739 468 vidimus,
769 386 833 472 vel,
864 386 950 471 quod
979 387 1084 450 maius
1115 391 1173 473 est,
1203 387 1237 450 in
1266 387 1360 453 hoste

180 476 277 540 etiam
306 475 493 560 diligamuS,
516 473 594 559 quid
617 474 735 538 mirum
760 479 822 561 est,
847 475 874 539 si
898 474 998 538 animi
1020 474 1189 539 hominum
1212 497 1361 541 movean-

179 568 250 650 tur,
287 586 360 628 cum
397 585 525 646 eorum,
566 563 759 647 quibuscum
796 585 856 627 usu
898 563 1062 628 coniuncti
1103 585 1172 627 esse
1212 569 1360 650 possunt,

179 653 333 717 virtutem
358 656 389 716 et
411 652 592 716 bonitatem
619 652 799 736 perspicere
822 651 1016 716 videantur?
1062 651 1263 735 Quamquam
1286 674 1360 717 con·

179 742 328 805 firmatur
350 762 441 805 amor
464 744 495 805 et
517 740 673 804 beneficio
697 743 827 824 accepto
851 744 883 803 et
907 741 1015 805 studio
1038 744 1206 824 perspecto
1230 744 1262 805 at
1286 762 1360 805 con-

181 831 350 894 suetudine
381 829 548 913 adiuncta,
585 829 702 914 quibus
734 829 830 893 rebus
863 829 904 892 ad
935 829 1028 892 illum
1060 829 1201 913 primum
1233 832 1360 893 motum

179 919 278 982 animi
302 923 334 982 et
356 917 476 981 amoris
496 917 650 982 adhibitis
669 917 869 981 admirabilis
894 918 1051 1002 quaedam
1070 917 1246 982 exardescit
1265 918 1360 982 bene

180 1007 339 1071 volantiae
362 1006 562 1091 magnitudo.
608 1005 711 1082 Quam
735 1006 762 1069 si
787 1007 843 1090 qui
861 1011 979 1090 putant
997 1007 1037 1070 ab
1057 1005 1267 1070 inbccillitate
1287 1029 1361 1090 pro

179 1096 294 1179 ficisei,
323 1099 361 1159 ut
389 1094 458 1180 sie,
477 1116 535 1178 per
563 1116 657 1178 quern
687 1095 894 1180 adsequatur,
925 1095 1011 1178 quod
1034 1095 1170 1179 quisque
1194 1094 1360 1181 desideret,

180 1183 336 1248 humilem
364 1204 440 1247 sane
463 1183 650 1267 relinquunt
674 1188 706 1247 et
728 1183 860 1248 minime
884 1204 1089 1268 generosum,
1116 1187 1153 1246 ut
1175 1182 1222 1247 ita
1246 1183 1359 1268 dicam,

181 1276 288 1336 ortum
309 1271 478 1355 amicitiae,
498 1293 595 1356 quam
615 1294 653 1335 ex
672 1273 782 1356 inopia
801 1276 897 1356 atque
915 1273 1094 1356 indigentia
1112 1274 1222 1335 natam
1236 1272 1359 1336 volunt.

180 1360 273 1437 Quod
296 1361 323 1423 si
347 1361 393 1425 ita
417 1364 509 1444 esset,
531 1364 569 1423 ut
592 1361 728 1444 quisque
751 1360 921 1425 minimum
945 1382 1014 1424 essa
1032 1361 1067 1425 in
1086 1382 1120 1424 se
1138 1360 1360 1447 arbitraretur,

180 1450 227 1513 ita
263 1449 304 1512 ad
340 1449 516 1512 amicitiam
554 1452 637 1512 esset
674 1448 874 1534 aptissimus,
916 1449 1004 1533 quod
1039 1449 1136 1534 longe
1174 1470 1265 1513 secus
1302 1453 1358 1513 est.

181 1535 239 1602 30.
275 1537 323 1602 Ut
351 1538 436 1601 enim
465 1537 601 1621 quisque
629 1536 691 1600 sibi
718 1537 895 1620 plurimum
923 1538 1069 1624 confidit,
1097 1541 1129 1602 ct
1157 1541 1194 1600 ut
1223 1537 1359 1622 quisque

179 1625 320 1689 maxime
349 1627 469 1689 virtute
499 1629 531 1688 et
562 1625 719 1709 sapientia
750 1625 796 1689 sie
823 1626 967 1690 munitus
996 1631 1058 1712 est,
1085 1632 1122 1691 ut
1151 1624 1242 1690 nullo
1266 1629 1359 1710 egeat

180 1735 302 1797 suaque
332 1715 440 1778 omnia
468 1714 502 1777 in
530 1736 564 1776 se
591 1714 662 1797 ipso
689 1714 798 1797 posita
824 1713 957 1799 iudicet,
988 1715 1034 1778 ita
1061 1715 1096 1778 in
1124 1715 1276 1778 amicitiis
1307 1735 1359 1777 ex-

179 1802 327 1885 petendis
355 1801 560 1885 colendisque
583 1802 722 1866 maxime
746 1800 881 1865 excellit.
928 1801 1012 1878 Quid
1036 1803 1144 1867 enim?
1185 1801 1359 1866 Africanus

216 1976 301 2043 qaod
315 1977 422 2030 maias
436 1981 485 2030 ast
500 1975 568 2028 ‘was
581 1974 654 2029 noch
663 1974 742 2027 mehr
831 1973 1358 2030 utsit‘ntmlichumeinanzuhaben’.

183 2061 270 2115 sagen
288 2044 367 2099 will’.
832 2046 972 2114 quisque
994 2043 1059 2098 tritt
1081 2043 1121 2096 im
1143 2045 1204 2099 Lat.
1226 2045 1359 2115 gawdhn-

215 2123 421 2182 moveantar,
464 2115 515 2169 dar
557 2115 741 2184 Konjunktiv‚
795 2114 853 2168 lich
876 2115 906 2168 in
930 2115 985 2169 den
1003 2114 1188 2183 Relativsatz,
1214 2115 1264 2170 dar
1282 2116 1359 2170 dann

181 2185 246 2241 weil
271 2186 317 2241 die
339 2185 585 2256 Verwirklichung
611 2188 743 2239 arwartet
795 2185 825 2238 in
845 2186 894 2240 dar
912 2184 1001 2256 Begel
1020 2186 1197 2257 vorausgeht.

179 2257 251 2310 wird
265 2284 299 2303 =
313 2274 379 2311 man
397 2256 501 2312 miilsta
520 2256 579 2310 sich
597 2257 741 2325 ivandam,
831 2265 867 2312 ut
884 2259 933 2312 ita
953 2258 1062 2311 dicam
1074 2255 1189 2311 mildart
1208 2255 1271 2325 (wia
1286 2257 1358 2311 oben

180 2343 261 2381 wana
288 2344 317 2382 es
337 2327 388 2381 auf
404 2327 450 2382 die
468 2327 620 2382 Mansehen
638 2326 740 2381 keinen
795 2334 935 2396 tamquam
958 2328 1129 2451 (51⁴1de
1152 2329 1234 2396 quasi
1257 2330 1283 2398 (ς
1303 2329 1358 2396 27))

179 2397 324 2451 Eindruck
342 2398 461 2451 macheu
477 2397 567 2452 sollte.
595 2397 648 2451 Die
663 2401 742 2452 sonst
795 2398 849 2452 dan
862 2398 1023 2467 tropischen
1057 2398 1180 2451 ebrauch
1194 2414 1247 2451 von
1261 2414 1356 2467 peae-

179 2467 293 2522 iibliehe
325 2467 435 2522 Formel
466 2467 506 2521 ist
536 2467 609 2537 Quid
641 2468 741 2521 cairam
794 2484 904 2534 rosus,
937 2468 988 2521 das
1021 2467 1175 2538 eigentlich
1201 2493 1234 2514 =
1262 2467 1359 2537 adelig

182 2538 265 2609 (ohne
284 2543 332 2610 ast)
350 2540 375 2594 si
395 2541 428 2608 (c.
446 2538 526 2606 Iud).
794 2555 848 2592 von
868 2536 977 2592 Geburt
994 2537 1040 2592 ist.

216 2627 326 2665 eoram
346 2610 397 2663 ‘an
417 2609 528 2663 denan'.
830 2615 944 2663 autam
967 2609 1090 2663 voluat.
1133 2608 1168 2663 So
1195 2609 1270 2664 steht
1292 2610 1359 2665 valle

215 2698 278 2736 usu
292 2681 468 2736 coniuncti
481 2678 599 2734 ease‘in
610 2694 741 2750 angerem
794 2679 892 2749 htufig
928 2697 982 2734 von
1019 2678 1196 2747 subjaktiven
1228 2679 1358 2749 Bahaup-

179 2751 323 2806 Varkehre
342 2750 462 2806 stehen'.
496 2750 562 2805 Wie
580 2750 671 2804 lautet
690 2749 740 2803 das
795 2754 846 2803 tun
868 2766 910 2817 en,
930 2750 1082 2804 besonders
1102 2751 1151 2804 der
1167 2749 1358 2820 Philosophan

181 2821 300 2891 Subjekt
318 2840 352 2875 zu
370 2821 530 2903 coniuncti?
566 2891 572 2902 .
660 2890 665 2900 Ι
797 2820 827 2874 in
847 2769 915 2876 dem
934 2820 1019 2876 Sinna
1038 2838 1092 2875 von
1115 2820 1304 2902 ‘annehmen’.
1323 2853 1358 2862 —

180 2889 743 3040 altaaltainebriabitis?
796 2890 1019 3028 lapilluli?
1030 2891 1358 3026 calliditate.

179 3032 259 3102 bung
284 3031 360 3086 eines
387 3029 667 3100 Substantivbegnffs
694 3032 740 3083 ist.
796 3048 870 3084 aiam
887 3032 995 3085 viriam.

179 3101 316 3171 Dagegen
338 3101 389 3155 hat
412 3101 472 3155 sich
495 3100 545 3154 der
567 3098 741 3169 Konjunktiv
944 3152 951 3164 ,

180 3174 364 3226 uideuatur
398 3189 432 3224 an
466 3177 625 3226 awoeaatwr
657 3186 741 3239 ange·
796 3153 1356 3225 2·30W01⁸aU⁸d01E1f²h1111182

180 3243 330 3298 schlossffi
770 3288 779 3300 κ
796 3224 871 3278 dass
900 3224 954 3278 dia
980 3224 1233 3280 Freuudsehaft
1261 3225 1358 3280 nicht

219 3314 420 3384 Quamquam
457 3313 651 3382 (correctivum)
688 3311 740 3365 qn.
795 3312 854 3349 aus
896 3295 954 3349 der
989 3294 1359 3366 Hiillsbediirftigkeit

181 3383 467 3454 dessen’berichtigt
483 3383 740 3452 diaBehauptung,
795 3365 1003 3448 fflfflsspringl·
1050 3366 1115 3420 Der
1145 3367 1278 3421 Nulzefl
1310 3367 1357 3447 ill

181 3455 242 3509 dass
267 3455 312 3510 die
332 3455 430 3523 Liebe,
453 3453 499 3507 die
519 3453 671 3522 allardings
691 3453 741 3507 der
793 3437 892 3491 n1eht
911 3437 969 3490 der
984 3435 1111 3503 (hund,
1134 3437 1282 3491 sondern
1302 3437 1357 3491 (110

179 3525 424 3606 Ausgangspunkt
456 3525 506 3578 dar
536 3523 741 3578 Freundschaft
793 3506 1356 3576 FOlgederFreundSOhstfl-§ffl-

179 3595 225 3663 ist,
244 3596 290 3649 fiir
308 3596 354 3649 d1a
372 3596 415 3649 Fa
435 3599 555 3664 ganiige.
829 3593 910 3664 530.
949 3594 989 3648 Ut
1007 3595 1145 3663 quiaque
1166 3593 1357 3663 ‘janachdam

215 3668 328 3721 stadio
348 3664 534 3735 ‘persaniche
548 3663 694 3734 Zuneigun
716 3665 739 3730 '3
791 3664 928 3733 jemand’.

180 3738 424 3793 consuetudine
458 3734 654 3790 ‘Gewohnheit
690 3682 739 3788 des
829 3737 979 3790 manitus
1011 3742 1059 3791 ast
1092 3736 1271 3805 ‘gewappnat
1303 3735 1354 3816 ist'

180 3807 347 3878 Umgangs'.
794 3821 886 3876 gagen
905 3804 951 3860 die
970 3807 1025 3861 tela
1042 3807 1178 3873 fortunae.
1215 3795 1291 3861 Uber
1310 3806 1357 3861 dre

216 3880 336 3947 quibus
354 3880 452 3934 rebus
465 3876 493 3932 ff.
515 3878 607 3931 ‘wenn
625 3875 686 3930 dias
704 3906 739 3915 —
794 3875 947 3944 αὐτάρκεια
967 3894 1001 3929 zu
1020 3883 1035 3943 5
1055 3882 1079 3931 7.

179 3947 349 4003 hinzutritt’.
830 3949 928 4003 uallo
964 3947 1023 4000 und
1058 3948 1165 4002 nullius
1199 3946 1358 4016 gebraucht

215 4026 333 4074 motum
352 4020 459 4073 animi
476 4046 510 4064 =
529 4019 740 4088 applicationem
795 4018 891 4073 Oicaro
928 4021 1000 4071 statt
1032 4017 1081 4070 der
1114 4015 1354 4085 entsprechanden

180 4091 269 4144 animi
296 4091 321 4159 (ς
341 4090 399 4159 27);
429 4091 553 4144 amoris
579 4088 651 4142 wird
677 4087 740 4141 hin-
793 4090 884 4143 Kasus
903 4106 957 4143 von
975 4106 1060 4143 acme.

181 4159 323 4230 zugafiigt,
337 4159 403 4214 weil
416 4159 463 4213 dia
476 4159 562 4214 Lieba
577 4159 632 4213 den
647 4161 739 4213 ersten
828 4176 961 4228 suaque.
999 4147 1075 4212 Uber
1093 4173 1143 4226 quc
1162 4174 1196 4209 zu
1214 4161 1278 4220 §26
1298 4162 1328 4210 et.

179 4230 284 4301 Impuls
304 4249 352 4283 zur
364 4230 519 4300 Kndpfung
538 4231 588 4284 der
600 4229 644 4284 Fr.
660 4229 740 4300 giabt
831 4230 918 4300 Quid
945 4228 1050 4284 enim?
1083 4226 1175 4282 ‘wiel'
1205 4226 1356 4296 begrtin-

171 4305 202 4365 (ἕ
218 4303 272 4369 26).
794 4301 903 4354 dende
917 4300 1017 4369 Frage,
1036 4298 1082 4353 dia
1096 4314 1194 4369 wagan
1209 4297 1285 4351 ihrer
1297 4297 1355 4350 Un-
1383 4300 1390 4313 ⁸

194 4373 378 4438 quaedam,
397 4389 432 4424 zu
454 4378 469 4438 ς
488 4378 512 4428 6.
796 4369 1358 4443 gereimtheitzuverneinenist(=aeqae
