<?xml version="1.0" encoding="UTF-8"?>
<!DOCTYPE html PUBLIC "-//W3C//DTD XHTML 1.0 Transitional//EN"
    "http://www.w3.org/TR/xhtml1/DTD/xhtml1-transitional.dtd">
<html xmlns="http://www.w3.org/1999/xhtml" xml:lang="en" lang="en">
 <head>
  <title>
</title>
<meta http-equiv="Content-Type" content="text/html;charset=utf-8" />
  <meta name='ocr-system' content='tesseract 3.04.00' />
  <meta name='ocr-capabilities' content='ocr_page ocr_carea ocr_par ocr_line ocrx_word'/>
</head>
<body>
  <div class='ocr_page' id='page_1' title='image "./lacliusdeamicit00cicegoog_0053.png"; bbox 0 0 2910 4716; ppageno 0'>
   <div class='ocr_carea' id='block_1_1' title="bbox 150 245 940 312">
    <p class='ocr_par' dir='ltr' id='par_1_1' title="bbox 150 245 940 312">
     <span class='ocr_line' id='line_1_1' title="bbox 150 245 940 312; baseline 0.001 -15"><span class='ocrx_word' id='word_1_1' title='bbox 150 249 193 312; x_wconf 84' lang='lat'><strong>38</strong></span> <span class='ocrx_word' id='word_1_2' title='bbox 538 245 691 299; x_wconf 82' lang='lat' dir='ltr'>LAELIUS</span> <span class='ocrx_word' id='word_1_3' title='bbox 709 245 758 299; x_wconf 83' lang='lat' dir='ltr'><strong>DE</strong></span> <span class='ocrx_word' id='word_1_4' title='bbox 776 245 940 300; x_wconf 80' lang='lat' dir='ltr'>AMICITIA</span> 
     </span>
    </p>
   </div>
   <div class='ocr_carea' id='block_1_2' title="bbox 111 399 1348 2345">
    <p class='ocr_par' dir='ltr' id='par_1_2' title="bbox 111 399 1348 2258">
     <span class='ocr_line' id='line_1_2' title="bbox 150 399 1327 493; baseline -0.004 -20"><span class='ocrx_word' id='word_1_5' title='bbox 150 432 248 493; x_wconf 93' lang='lat' dir='ltr'><strong>quam</strong></span> <span class='ocrx_word' id='word_1_6' title='bbox 280 430 375 493; x_wconf 86' lang='lat' dir='ltr'><strong>quem</strong></span> <span class='ocrx_word' id='word_1_7' title='bbox 405 408 446 471; x_wconf 92' lang='lat' dir='ltr'><strong>ad</strong></span> <span class='ocrx_word' id='word_1_8' title='bbox 475 406 608 471; x_wconf 94' lang='lat' dir='ltr'><strong>modum</strong></span> <span class='ocrx_word' id='word_1_9' title='bbox 636 407 688 471; x_wconf 88' lang='lat' dir='ltr'><strong>his</strong></span> <span class='ocrx_word' id='word_1_10' title='bbox 717 407 912 471; x_wconf 86' lang='lat' dir='ltr'><strong>resistatur·</strong></span> <span class='ocrx_word' id='word_1_11' title='bbox 941 399 999 472; x_wconf 73' lang='grc'><strong>42.</strong></span> <span class='ocrx_word' id='word_1_12' title='bbox 1038 405 1199 482; x_wconf 85' lang='lat' dir='ltr'><strong>Quorsum</strong></span> <span class='ocrx_word' id='word_1_13' title='bbox 1225 404 1327 468; x_wconf 80' lang='lat' dir='ltr'><strong>hacc?</strong></span> 
     </span>
     <span class='ocr_line' id='line_1_3' title="bbox 153 493 1326 580; baseline -0.005 -19"><span class='ocrx_word' id='word_1_14' title='bbox 153 497 235 574; x_wconf 87' lang='lat' dir='ltr'><strong>Quia</strong></span> <span class='ocrx_word' id='word_1_15' title='bbox 259 498 327 560; x_wconf 92' lang='lat' dir='ltr'><strong>sine</strong></span> <span class='ocrx_word' id='word_1_16' title='bbox 351 496 447 561; x_wconf 87' lang='lat' dir='ltr'><strong>sociis</strong></span> <span class='ocrx_word' id='word_1_17' title='bbox 470 517 565 559; x_wconf 87' lang='lat' dir='ltr'><strong>nemo</strong></span> <span class='ocrx_word' id='word_1_18' title='bbox 589 496 761 580; x_wconf 90' lang='lat' dir='ltr'><strong>quicquam</strong></span> <span class='ocrx_word' id='word_1_19' title='bbox 784 495 848 559; x_wconf 89' lang='lat' dir='ltr'><strong>tale</strong></span> <span class='ocrx_word' id='word_1_20' title='bbox 873 499 1015 559; x_wconf 86' lang='lat' dir='ltr'><strong>conatur.</strong></span> <span class='ocrx_word' id='word_1_21' title='bbox 1060 493 1326 577; x_wconf 87' lang='lat' dir='ltr'><strong>Praecipiendum</strong></span> 
     </span>
     <span class='ocr_line' id='line_1_4' title="bbox 150 580 1327 670; baseline -0.005 -20"><span class='ocrx_word' id='word_1_22' title='bbox 150 590 199 651; x_wconf 91' lang='lat' dir='ltr'><strong>est</strong></span> <span class='ocrx_word' id='word_1_23' title='bbox 222 587 323 670; x_wconf 81' lang='lat' dir='ltr'><strong>igitur</strong></span> <span class='ocrx_word' id='word_1_24' title='bbox 346 585 453 669; x_wconf 90' lang='lat' dir='ltr'><strong>bonis,</strong></span> <span class='ocrx_word' id='word_1_25' title='bbox 476 588 522 668; x_wconf 88' lang='lat' dir='ltr'><strong>ut,</strong></span> <span class='ocrx_word' id='word_1_26' title='bbox 549 584 577 647; x_wconf 88' lang='lat' dir='ltr'><strong>si</strong></span> <span class='ocrx_word' id='word_1_27' title='bbox 600 585 635 647; x_wconf 93' lang='lat' dir='ltr'><strong>in</strong></span> <span class='ocrx_word' id='word_1_28' title='bbox 658 585 726 649; x_wconf 89' lang='lat' dir='ltr'><strong>eius</strong></span> <span class='ocrx_word' id='word_1_29' title='bbox 750 584 838 648; x_wconf 93' lang='lat' dir='ltr'><strong>modi</strong></span> <span class='ocrx_word' id='word_1_30' title='bbox 861 583 1019 647; x_wconf 80' lang='lat' dir='ltr'><strong>amicitias</strong></span> <span class='ocrx_word' id='word_1_31' title='bbox 1043 583 1148 667; x_wconf 81' lang='lat' dir='ltr'><strong>ignari</strong></span> <span class='ocrx_word' id='word_1_32' title='bbox 1172 603 1247 646; x_wconf 89' lang='lat' dir='ltr'><strong>casu</strong></span> <span class='ocrx_word' id='word_1_33' title='bbox 1271 580 1327 644; x_wconf 86' lang='lat' dir='ltr'><strong>ali-</strong></span> 
     </span>
     <span class='ocr_line' id='line_1_5' title="bbox 111 669 1326 758; baseline -0.005 -20"><span class='ocrx_word' id='word_1_34' title='bbox 111 750 115 757; x_wconf 29' lang='lat'><strong>,</strong></span> <span class='ocrx_word' id='word_1_35' title='bbox 148 696 214 758; x_wconf 86' lang='lat' dir='ltr'><strong>quo</strong></span> <span class='ocrx_word' id='word_1_36' title='bbox 238 673 424 757; x_wconf 78' lang='lat' dir='ltr'><strong>inciderint,</strong></span> <span class='ocrx_word' id='word_1_37' title='bbox 446 694 487 735; x_wconf 90' lang='lat' dir='ltr'><strong>ne</strong></span> <span class='ocrx_word' id='word_1_38' title='bbox 511 673 697 737; x_wconf 71' lang='lat' dir='ltr'><strong>existiment</strong></span> <span class='ocrx_word' id='word_1_39' title='bbox 719 673 766 736; x_wconf 89' lang='lat' dir='ltr'><strong>ita</strong></span> <span class='ocrx_word' id='word_1_40' title='bbox 789 694 823 735; x_wconf 92' lang='lat' dir='ltr'><strong>se</strong></span> <span class='ocrx_word' id='word_1_41' title='bbox 846 671 1010 757; x_wconf 82' lang='lat' dir='ltr'><strong>alligatos,</strong></span> <span class='ocrx_word' id='word_1_42' title='bbox 1033 676 1071 735; x_wconf 87' lang='lat' dir='ltr'><strong>ut</strong></span> <span class='ocrx_word' id='word_1_43' title='bbox 1094 671 1134 734; x_wconf 91' lang='lat' dir='ltr'><strong>ab</strong></span> <span class='ocrx_word' id='word_1_44' title='bbox 1157 670 1269 734; x_wconf 90' lang='lat' dir='ltr'><strong>amicis</strong></span> <span class='ocrx_word' id='word_1_45' title='bbox 1293 669 1326 733; x_wconf 90' lang='lat' dir='ltr'><strong>in</strong></span> 
     </span>
     <span class='ocr_line' id='line_1_6' title="bbox 149 758 1327 846; baseline -0.004 -20"><span class='ocrx_word' id='word_1_46' title='bbox 149 784 266 846; x_wconf 82' lang='lat' dir='ltr'><strong>magna</strong></span> <span class='ocrx_word' id='word_1_47' title='bbox 289 762 397 845; x_wconf 89' lang='lat' dir='ltr'><strong>aliqua</strong></span> <span class='ocrx_word' id='word_1_48' title='bbox 420 782 454 824; x_wconf 92' lang='lat' dir='ltr'><strong>re</strong></span> <span class='ocrx_word' id='word_1_49' title='bbox 478 759 635 846; x_wconf 88' lang='lat' dir='ltr'><strong>[publica]</strong></span> <span class='ocrx_word' id='word_1_50' title='bbox 659 761 866 845; x_wconf 88' lang='lat' dir='ltr'><strong>peccantibus</strong></span> <span class='ocrx_word' id='word_1_51' title='bbox 889 781 955 823; x_wconf 91' lang='lat' dir='ltr'><strong>non</strong></span> <span class='ocrx_word' id='word_1_52' title='bbox 979 760 1157 844; x_wconf 70' lang='lat' dir='ltr'><strong>discedant,</strong></span> <span class='ocrx_word' id='word_1_53' title='bbox 1181 758 1327 842; x_wconf 89' lang='lat' dir='ltr'><strong>inprobis</strong></span> 
     </span>
     <span class='ocr_line' id='line_1_7' title="bbox 150 846 1328 933; baseline -0.004 -19"><span class='ocrx_word' id='word_1_54' title='bbox 150 854 258 914; x_wconf 88' lang='lat' dir='ltr'><strong>autem</strong></span> <span class='ocrx_word' id='word_1_55' title='bbox 289 871 394 933; x_wconf 90' lang='lat' dir='ltr'><strong>poena</strong></span> <span class='ocrx_word' id='word_1_56' title='bbox 426 849 595 913; x_wconf 90' lang='lat' dir='ltr'><strong>statuenda</strong></span> <span class='ocrx_word' id='word_1_57' title='bbox 628 854 685 933; x_wconf 88' lang='lat' dir='ltr'><strong>est,</strong></span> <span class='ocrx_word' id='word_1_58' title='bbox 717 871 775 913; x_wconf 91' lang='lat' dir='ltr'><strong>nec</strong></span> <span class='ocrx_word' id='word_1_59' title='bbox 806 871 882 914; x_wconf 82' lang='lat' dir='ltr'><strong>vero</strong></span> <span class='ocrx_word' id='word_1_60' title='bbox 914 849 1021 912; x_wconf 91' lang='lat' dir='ltr'><strong>minor</strong></span> <span class='ocrx_word' id='word_1_61' title='bbox 1052 847 1107 932; x_wconf 90' lang='lat' dir='ltr'><strong>iis,</strong></span> <span class='ocrx_word' id='word_1_62' title='bbox 1137 847 1193 931; x_wconf 92' lang='lat' dir='ltr'><strong>qui</strong></span> <span class='ocrx_word' id='word_1_63' title='bbox 1225 846 1328 910; x_wconf 88' lang='lat' dir='ltr'><strong>secuti</strong></span> 
     </span>
     <span class='ocr_line' id='line_1_8' title="bbox 151 936 1326 1022; baseline -0.003 -21"><span class='ocrx_word' id='word_1_64' title='bbox 151 942 245 1002; x_wconf 89' lang='lat' dir='ltr'><strong>erunt</strong></span> <span class='ocrx_word' id='word_1_65' title='bbox 277 937 428 1022; x_wconf 87' lang='lat' dir='ltr'><strong>alterum,</strong></span> <span class='ocrx_word' id='word_1_66' title='bbox 461 958 557 1021; x_wconf 91' lang='lat' dir='ltr'><strong>quam</strong></span> <span class='ocrx_word' id='word_1_67' title='bbox 589 937 643 1022; x_wconf 84' lang='lat' dir='ltr'><strong>iia,</strong></span> <span class='ocrx_word' id='word_1_68' title='bbox 677 938 732 1021; x_wconf 93' lang='lat' dir='ltr'><strong>qui</strong></span> <span class='ocrx_word' id='word_1_69' title='bbox 765 937 828 1020; x_wconf 91' lang='lat' dir='ltr'><strong>ipsi</strong></span> <span class='ocrx_word' id='word_1_70' title='bbox 859 937 981 1000; x_wconf 84' lang='lat' dir='ltr'><strong>fuerint</strong></span> <span class='ocrx_word' id='word_1_71' title='bbox 1013 936 1189 1020; x_wconf 87' lang='lat' dir='ltr'><strong>impietatis</strong></span> <span class='ocrx_word' id='word_1_72' title='bbox 1222 936 1326 998; x_wconf 89' lang='lat' dir='ltr'><strong>duces.</strong></span> 
     </span>
     <span class='ocr_line' id='line_1_9' title="bbox 151 1024 1327 1110; baseline -0.003 -20"><span class='ocrx_word' id='word_1_73' title='bbox 151 1026 230 1103; x_wconf 87' lang='lat' dir='ltr'><strong>Quis</strong></span> <span class='ocrx_word' id='word_1_74' title='bbox 255 1025 371 1090; x_wconf 87' lang='lat' dir='ltr'><strong>clarior</strong></span> <span class='ocrx_word' id='word_1_75' title='bbox 394 1026 428 1089; x_wconf 95' lang='lat' dir='ltr'><strong>in</strong></span> <span class='ocrx_word' id='word_1_76' title='bbox 453 1024 587 1089; x_wconf 79' lang='lat' dir='ltr'><strong>Graecia</strong></span> <span class='ocrx_word' id='word_1_77' title='bbox 609 1025 835 1110; x_wconf 86' lang='lat' dir='ltr'><strong>Themistocle,</strong></span> <span class='ocrx_word' id='word_1_78' title='bbox 859 1025 935 1110; x_wconf 88' lang='lat' dir='ltr'><strong>quis</strong></span> <span class='ocrx_word' id='word_1_79' title='bbox 954 1025 1141 1109; x_wconf 78' lang='lat' dir='ltr'><strong>potentior?</strong></span> <span class='ocrx_word' id='word_1_80' title='bbox 1174 1024 1230 1109; x_wconf 92' lang='lat' dir='ltr'><strong>qui</strong></span> <span class='ocrx_word' id='word_1_81' title='bbox 1254 1045 1327 1087; x_wconf 92' lang='lat' dir='ltr'><strong>cum</strong></span> 
     </span>
     <span class='ocr_line' id='line_1_10' title="bbox 149 1112 1327 1198; baseline -0.002 -21"><span class='ocrx_word' id='word_1_82' title='bbox 149 1115 325 1198; x_wconf 86' lang='lat' dir='ltr'><strong>imperator</strong></span> <span class='ocrx_word' id='word_1_83' title='bbox 342 1114 428 1179; x_wconf 92' lang='lat' dir='ltr'><strong>bello</strong></span> <span class='ocrx_word' id='word_1_84' title='bbox 447 1113 577 1178; x_wconf 87' lang='lat' dir='ltr'><strong>Persico</strong></span> <span class='ocrx_word' id='word_1_85' title='bbox 597 1115 753 1178; x_wconf 81' lang='lat' dir='ltr'><strong>servitute</strong></span> <span class='ocrx_word' id='word_1_86' title='bbox 773 1112 940 1178; x_wconf 81' lang='lat' dir='ltr'><strong>Graeciam</strong></span> <span class='ocrx_word' id='word_1_87' title='bbox 958 1112 1160 1177; x_wconf 87' lang='lat' dir='ltr'><strong>liberavisset</strong></span> <span class='ocrx_word' id='word_1_88' title='bbox 1182 1116 1327 1197; x_wconf 86' lang='lat' dir='ltr'><strong>propter-</strong></span> 
     </span>
     <span class='ocr_line' id='line_1_11' title="bbox 150 1201 1328 1288; baseline -0.003 -21"><span class='ocrx_word' id='word_1_89' title='bbox 150 1225 212 1286; x_wconf 88' lang='lat' dir='ltr'><strong>que</strong></span> <span class='ocrx_word' id='word_1_90' title='bbox 241 1203 396 1267; x_wconf 85' lang='lat' dir='ltr'><strong>invidiam</strong></span> <span class='ocrx_word' id='word_1_91' title='bbox 424 1203 458 1265; x_wconf 95' lang='lat' dir='ltr'><strong>in</strong></span> <span class='ocrx_word' id='word_1_92' title='bbox 487 1202 619 1266; x_wconf 81' lang='lat' dir='ltr'><strong>exilium</strong></span> <span class='ocrx_word' id='word_1_93' title='bbox 648 1201 801 1288; x_wconf 86' lang='lat' dir='ltr'><strong>expulsus</strong></span> <span class='ocrx_word' id='word_1_94' title='bbox 830 1206 927 1286; x_wconf 86' lang='lat' dir='ltr'><strong>esset,</strong></span> <span class='ocrx_word' id='word_1_95' title='bbox 955 1203 1100 1286; x_wconf 85' lang='lat' dir='ltr'><strong>ingratae</strong></span> <span class='ocrx_word' id='word_1_96' title='bbox 1128 1201 1251 1285; x_wconf 87' lang='lat' dir='ltr'><strong>patriae</strong></span> <span class='ocrx_word' id='word_1_97' title='bbox 1281 1201 1328 1264; x_wconf 92' lang='lat' dir='ltr'><strong>in-</strong></span> 
     </span>
     <span class='ocr_line' id='line_1_12' title="bbox 150 1289 1327 1376; baseline -0.002 -22"><span class='ocrx_word' id='word_1_98' title='bbox 150 1292 265 1370; x_wconf 80' lang='lat' dir='ltr'><strong>iuriam</strong></span> <span class='ocrx_word' id='word_1_99' title='bbox 288 1313 354 1354; x_wconf 92' lang='lat' dir='ltr'><strong>non</strong></span> <span class='ocrx_word' id='word_1_100' title='bbox 377 1290 461 1371; x_wconf 86' lang='lat' dir='ltr'><strong>tulit,</strong></span> <span class='ocrx_word' id='word_1_101' title='bbox 485 1312 581 1374; x_wconf 91' lang='lat' dir='ltr'><strong>quam</strong></span> <span class='ocrx_word' id='word_1_102' title='bbox 599 1291 683 1354; x_wconf 85' lang='lat' dir='ltr'><strong>ferre</strong></span> <span class='ocrx_word' id='word_1_103' title='bbox 703 1291 822 1374; x_wconf 83' lang='lat' dir='ltr'><strong>debuit,</strong></span> <span class='ocrx_word' id='word_1_104' title='bbox 846 1291 923 1355; x_wconf 88' lang='lat' dir='ltr'><strong>fecit</strong></span> <span class='ocrx_word' id='word_1_105' title='bbox 941 1291 1036 1376; x_wconf 88' lang='lat' dir='ltr'><strong>idem,</strong></span> <span class='ocrx_word' id='word_1_106' title='bbox 1059 1290 1146 1374; x_wconf 93' lang='lat' dir='ltr'><strong>quod</strong></span> <span class='ocrx_word' id='word_1_107' title='bbox 1167 1307 1216 1353; x_wconf 84' lang='lat' dir='ltr'><strong>xx</strong></span> <span class='ocrx_word' id='word_1_108' title='bbox 1235 1289 1327 1352; x_wconf 88' lang='lat' dir='ltr'><strong>annis</strong></span> 
     </span>
     <span class='ocr_line' id='line_1_13' title="bbox 150 1377 1328 1463; baseline 0 -21"><span class='ocrx_word' id='word_1_109' title='bbox 150 1383 224 1443; x_wconf 87' lang='lat' dir='ltr'><strong>ante</strong></span> <span class='ocrx_word' id='word_1_110' title='bbox 249 1379 336 1463; x_wconf 91' lang='lat' dir='ltr'><strong>apud</strong></span> <span class='ocrx_word' id='word_1_111' title='bbox 359 1399 418 1442; x_wconf 85' lang='lat' dir='ltr'><strong>nos</strong></span> <span class='ocrx_word' id='word_1_112' title='bbox 442 1378 560 1443; x_wconf 86' lang='lat' dir='ltr'><strong>fecerat</strong></span> <span class='ocrx_word' id='word_1_113' title='bbox 586 1377 783 1443; x_wconf 83' lang='lat' dir='ltr'><strong>Coriolanus.</strong></span> <span class='ocrx_word' id='word_1_114' title='bbox 815 1377 878 1442; x_wconf 92' lang='lat' dir='ltr'><strong>His</strong></span> <span class='ocrx_word' id='word_1_115' title='bbox 901 1379 1030 1443; x_wconf 87' lang='lat' dir='ltr'><strong>adiutor</strong></span> <span class='ocrx_word' id='word_1_116' title='bbox 1053 1382 1166 1443; x_wconf 91' lang='lat' dir='ltr'><strong>contra</strong></span> <span class='ocrx_word' id='word_1_117' title='bbox 1188 1378 1328 1462; x_wconf 89' lang='lat' dir='ltr'><strong>patriam</strong></span> 
     </span>
     <span class='ocr_line' id='line_1_14' title="bbox 135 1467 1327 1551; baseline 0.002 -24"><span class='ocrx_word' id='word_1_118' title='bbox 135 1469 301 1530; x_wconf 73' lang='lat' dir='ltr'><strong>inventus</strong></span> <span class='ocrx_word' id='word_1_119' title='bbox 338 1470 387 1530; x_wconf 88' lang='lat' dir='ltr'><strong>est</strong></span> <span class='ocrx_word' id='word_1_120' title='bbox 423 1489 531 1551; x_wconf 70' lang='lat' dir='ltr'><strong>nemo,</strong></span> <span class='ocrx_word' id='word_1_121' title='bbox 569 1467 678 1551; x_wconf 86' lang='lat' dir='ltr'><strong>itaque</strong></span> <span class='ocrx_word' id='word_1_122' title='bbox 712 1471 853 1544; x_wconf 86' lang='lat' dir='ltr'><strong>mortem</strong></span> <span class='ocrx_word' id='word_1_123' title='bbox 889 1467 952 1531; x_wconf 91' lang='lat' dir='ltr'><strong>sibi</strong></span> <span class='ocrx_word' id='word_1_124' title='bbox 989 1470 1124 1551; x_wconf 87' lang='lat' dir='ltr'><strong>uterquc</strong></span> <span class='ocrx_word' id='word_1_125' title='bbox 1162 1467 1327 1532; x_wconf 85' lang='lat' dir='ltr'><strong>conscivit.</strong></span> 
     </span>
     <span class='ocr_line' id='line_1_15' title="bbox 150 1552 1326 1638; baseline -0.001 -19"><span class='ocrx_word' id='word_1_126' title='bbox 150 1552 208 1619; x_wconf 78' lang='lat'><strong>43.</strong></span> <span class='ocrx_word' id='word_1_127' title='bbox 242 1553 347 1631; x_wconf 81' lang='lat' dir='ltr'><strong>Quare</strong></span> <span class='ocrx_word' id='word_1_128' title='bbox 374 1554 449 1618; x_wconf 89' lang='lat' dir='ltr'><strong>talis</strong></span> <span class='ocrx_word' id='word_1_129' title='bbox 477 1555 688 1638; x_wconf 92' lang='lat' dir='ltr'><strong>inproborum</strong></span> <span class='ocrx_word' id='word_1_130' title='bbox 716 1556 883 1620; x_wconf 89' lang='lat' dir='ltr'><strong>consensio</strong></span> <span class='ocrx_word' id='word_1_131' title='bbox 911 1578 976 1620; x_wconf 90' lang='lat' dir='ltr'><strong>non</strong></span> <span class='ocrx_word' id='word_1_132' title='bbox 1000 1556 1096 1621; x_wconf 89' lang='lat' dir='ltr'><strong>modo</strong></span> <span class='ocrx_word' id='word_1_133' title='bbox 1121 1556 1326 1620; x_wconf 85' lang='lat' dir='ltr'><strong>excusatione</strong></span> 
     </span>
     <span class='ocr_line' id='line_1_16' title="bbox 151 1643 1328 1728; baseline 0.001 -22"><span class='ocrx_word' id='word_1_134' title='bbox 151 1644 312 1707; x_wconf 88' lang='lat' dir='ltr'><strong>amicitiae</strong></span> <span class='ocrx_word' id='word_1_135' title='bbox 330 1643 468 1728; x_wconf 82' lang='lat' dir='ltr'><strong>tegenda</strong></span> <span class='ocrx_word' id='word_1_136' title='bbox 485 1664 551 1706; x_wconf 91' lang='lat' dir='ltr'><strong>non</strong></span> <span class='ocrx_word' id='word_1_137' title='bbox 570 1648 628 1728; x_wconf 88' lang='lat' dir='ltr'><strong>cst,</strong></span> <span class='ocrx_word' id='word_1_138' title='bbox 648 1645 704 1708; x_wconf 88' lang='lat' dir='ltr'><strong>sed</strong></span> <span class='ocrx_word' id='word_1_139' title='bbox 721 1645 830 1728; x_wconf 89' lang='lat' dir='ltr'><strong>potius</strong></span> <span class='ocrx_word' id='word_1_140' title='bbox 850 1645 1009 1728; x_wconf 86' lang='lat' dir='ltr'><strong>supplicio</strong></span> <span class='ocrx_word' id='word_1_141' title='bbox 1029 1645 1117 1710; x_wconf 93' lang='lat' dir='ltr'><strong>omni</strong></span> <span class='ocrx_word' id='word_1_142' title='bbox 1135 1644 1328 1708; x_wconf 82' lang='lat' dir='ltr'><strong>vindicanda</strong></span> 
     </span>
     <span class='ocr_line' id='line_1_17' title="bbox 150 1732 1327 1816; baseline -0.001 -20"><span class='ocrx_word' id='word_1_143' title='bbox 150 1736 213 1815; x_wconf 90' lang='lat' dir='ltr'><strong>cst,</strong></span> <span class='ocrx_word' id='word_1_144' title='bbox 243 1735 280 1795; x_wconf 90' lang='lat' dir='ltr'><strong>ut</strong></span> <span class='ocrx_word' id='word_1_145' title='bbox 306 1753 347 1794; x_wconf 89' lang='lat' dir='ltr'><strong>ne</strong></span> <span class='ocrx_word' id='word_1_146' title='bbox 375 1733 447 1815; x_wconf 91' lang='lat' dir='ltr'><strong>quis</strong></span> <span class='ocrx_word' id='word_1_147' title='bbox 475 1753 663 1796; x_wconf 87' lang='lat' dir='ltr'><strong>concessum</strong></span> <span class='ocrx_word' id='word_1_148' title='bbox 689 1738 782 1816; x_wconf 86' lang='lat' dir='ltr'><strong>putet</strong></span> <span class='ocrx_word' id='word_1_149' title='bbox 810 1733 949 1796; x_wconf 90' lang='lat' dir='ltr'><strong>amicum</strong></span> <span class='ocrx_word' id='word_1_150' title='bbox 977 1733 1029 1796; x_wconf 89' lang='lat' dir='ltr'><strong>vel</strong></span> <span class='ocrx_word' id='word_1_151' title='bbox 1055 1733 1176 1796; x_wconf 70' lang='lat' dir='ltr'><strong>bellum</strong></span> <span class='ocrx_word' id='word_1_152' title='bbox 1204 1732 1327 1816; x_wconf 89' lang='lat' dir='ltr'><strong>patriae</strong></span> 
     </span>
     <span class='ocr_line' id='line_1_18' title="bbox 150 1819 1327 1905; baseline 0.001 -23"><span class='ocrx_word' id='word_1_153' title='bbox 150 1820 341 1883; x_wconf 86' lang='lat' dir='ltr'><strong>inferentem</strong></span> <span class='ocrx_word' id='word_1_154' title='bbox 360 1820 459 1904; x_wconf 87' lang='lat' dir='ltr'><strong>sequi.</strong></span> <span class='ocrx_word' id='word_1_155' title='bbox 492 1819 586 1896; x_wconf 87' lang='lat' dir='ltr'><strong>Quod</strong></span> <span class='ocrx_word' id='word_1_156' title='bbox 604 1821 743 1905; x_wconf 90' lang='lat' dir='ltr'><strong>quidem,</strong></span> <span class='ocrx_word' id='word_1_157' title='bbox 766 1825 871 1885; x_wconf 86' lang='lat' dir='ltr'><strong>utres</strong></span> <span class='ocrx_word' id='word_1_158' title='bbox 891 1822 938 1884; x_wconf 90' lang='lat' dir='ltr'><strong>ire</strong></span> <span class='ocrx_word' id='word_1_159' title='bbox 957 1821 1072 1904; x_wconf 85' lang='lat' dir='ltr'><strong>coepit,</strong></span> <span class='ocrx_word' id='word_1_160' title='bbox 1094 1821 1182 1884; x_wconf 92' lang='lat' dir='ltr'><strong>haud</strong></span> <span class='ocrx_word' id='word_1_161' title='bbox 1201 1821 1267 1894; x_wconf 87' lang='lat' dir='ltr'><strong>scic</strong></span> <span class='ocrx_word' id='word_1_162' title='bbox 1287 1843 1327 1884; x_wconf 92' lang='lat' dir='ltr'><strong>an</strong></span> 
     </span>
     <span class='ocr_line' id='line_1_19' title="bbox 150 1908 1327 1992; baseline 0.001 -22"><span class='ocrx_word' id='word_1_163' title='bbox 150 1908 323 1992; x_wconf 90' lang='lat' dir='ltr'><strong>aliquando</strong></span> <span class='ocrx_word' id='word_1_164' title='bbox 355 1909 501 1972; x_wconf 87' lang='lat' dir='ltr'><strong>futurum</strong></span> <span class='ocrx_word' id='word_1_165' title='bbox 533 1909 585 1972; x_wconf 76' lang='lat' dir='ltr'><strong>sit,</strong></span> <span class='ocrx_word' id='word_1_166' title='bbox 640 1908 723 1972; x_wconf 92' lang='lat' dir='ltr'><strong>Mihi</strong></span> <span class='ocrx_word' id='word_1_167' title='bbox 755 1912 862 1972; x_wconf 85' lang='lat' dir='ltr'><strong>autem</strong></span> <span class='ocrx_word' id='word_1_168' title='bbox 893 1930 959 1972; x_wconf 91' lang='lat' dir='ltr'><strong>non</strong></span> <span class='ocrx_word' id='word_1_169' title='bbox 991 1909 1110 1973; x_wconf 91' lang='lat' dir='ltr'><strong>minori</strong></span> <span class='ocrx_word' id='word_1_170' title='bbox 1143 1929 1236 1971; x_wconf 89' lang='lat' dir='ltr'><strong>curae</strong></span> <span class='ocrx_word' id='word_1_171' title='bbox 1269 1913 1327 1991; x_wconf 91' lang='lat' dir='ltr'><strong>est,</strong></span> 
     </span>
     <span class='ocr_line' id='line_1_20' title="bbox 151 1995 1326 2081; baseline 0 -22"><span class='ocrx_word' id='word_1_172' title='bbox 151 1997 256 2079; x_wconf 88' lang='lat' dir='ltr'><strong>qualis</strong></span> <span class='ocrx_word' id='word_1_173' title='bbox 280 2018 330 2060; x_wconf 88' lang='lat' dir='ltr'><strong>res</strong></span> <span class='ocrx_word' id='word_1_174' title='bbox 353 1996 484 2081; x_wconf 91' lang='lat' dir='ltr'><strong>publica</strong></span> <span class='ocrx_word' id='word_1_175' title='bbox 505 2001 582 2080; x_wconf 87' lang='lat' dir='ltr'><strong>post</strong></span> <span class='ocrx_word' id='word_1_176' title='bbox 604 2000 742 2060; x_wconf 85' lang='lat' dir='ltr'><strong>mortem</strong></span> <span class='ocrx_word' id='word_1_177' title='bbox 764 2018 868 2060; x_wconf 88' lang='lat' dir='ltr'><strong>meam</strong></span> <span class='ocrx_word' id='word_1_178' title='bbox 891 1997 1001 2061; x_wconf 89' lang='lat' dir='ltr'><strong>futura</strong></span> <span class='ocrx_word' id='word_1_179' title='bbox 1025 1997 1077 2080; x_wconf 86' lang='lat' dir='ltr'><strong>sit,</strong></span> <span class='ocrx_word' id='word_1_180' title='bbox 1101 2018 1197 2080; x_wconf 92' lang='lat' dir='ltr'><strong>quam</strong></span> <span class='ocrx_word' id='word_1_181' title='bbox 1221 1995 1326 2080; x_wconf 89' lang='lat' dir='ltr'><strong>qualis</strong></span> 
     </span>
     <span class='ocr_line' id='line_1_21' title="bbox 150 2085 1348 2169; baseline 0 -23"><span class='ocrx_word' id='word_1_182' title='bbox 150 2085 246 2148; x_wconf 91' lang='lat' dir='ltr'><strong>hodie</strong></span> <span class='ocrx_word' id='word_1_183' title='bbox 270 2085 321 2148; x_wconf 92' lang='lat' dir='ltr'><strong>sit.</strong></span> <span class='ocrx_word' id='word_1_184' title='bbox 685 2150 687 2153; x_wconf 67' lang='grc'>,</span> <span class='ocrx_word' id='word_1_185' title='bbox 793 2117 795 2123; x_wconf 55' lang='grc'><strong>’</strong></span> <span class='ocrx_word' id='word_1_186' title='bbox 1346 2167 1348 2169; x_wconf 16' lang='lat'>¹</span> 
     </span>
     <span class='ocr_line' id='line_1_22' title="bbox 239 2168 1327 2258; baseline 0 -22"><span class='ocrx_word' id='word_1_187' title='bbox 239 2171 327 2236; x_wconf 88' lang='lat' dir='ltr'>XIII.</span> <span class='ocrx_word' id='word_1_188' title='bbox 374 2168 432 2238; x_wconf 79' lang='lat'><strong>44.</strong></span> <span class='ocrx_word' id='word_1_189' title='bbox 469 2171 558 2236; x_wconf 89' lang='lat' dir='ltr'><strong>Haec</strong></span> <span class='ocrx_word' id='word_1_190' title='bbox 581 2169 681 2258; x_wconf 86' lang='lat' dir='ltr'><strong>igitur</strong></span> <span class='ocrx_word' id='word_1_191' title='bbox 703 2174 809 2257; x_wconf 92' lang='lat' dir='ltr'><strong>prima</strong></span> <span class='ocrx_word' id='word_1_192' title='bbox 831 2173 884 2238; x_wconf 83' lang='lat' dir='ltr'><strong>lex</strong></span> <span class='ocrx_word' id='word_1_193' title='bbox 907 2174 1067 2238; x_wconf 87' lang='lat' dir='ltr'><strong>amicitiae</strong></span> <span class='ocrx_word' id='word_1_194' title='bbox 1092 2173 1267 2256; x_wconf 86' lang='lat' dir='ltr'><strong>sanciatur,</strong></span> <span class='ocrx_word' id='word_1_195' title='bbox 1290 2177 1327 2236; x_wconf 93' lang='lat' dir='ltr'><strong>ut</strong></span> 
     </span>
    </p>

    <p class='ocr_par' dir='ltr' id='par_1_3' title="bbox 151 2260 1327 2345">
     <span class='ocr_line' id='line_1_23' title="bbox 151 2260 1327 2345; baseline 0.003 -23"><span class='ocrx_word' id='word_1_196' title='bbox 151 2260 191 2322; x_wconf 86' lang='lat' dir='ltr'><strong>ab</strong></span> <span class='ocrx_word' id='word_1_197' title='bbox 215 2261 326 2324; x_wconf 90' lang='lat' dir='ltr'><strong>amicis</strong></span> <span class='ocrx_word' id='word_1_198' title='bbox 350 2260 496 2335; x_wconf 86' lang='lat' dir='ltr'><strong>honesta.</strong></span> <span class='ocrx_word' id='word_1_199' title='bbox 509 2265 666 2345; x_wconf 86' lang='lat' dir='ltr'><strong>petamus,</strong></span> <span class='ocrx_word' id='word_1_200' title='bbox 689 2263 865 2326; x_wconf 90' lang='lat' dir='ltr'><strong>amicorum</strong></span> <span class='ocrx_word' id='word_1_201' title='bbox 889 2284 985 2327; x_wconf 86' lang='lat' dir='ltr'><strong>causa</strong></span> <span class='ocrx_word' id='word_1_202' title='bbox 1007 2263 1144 2327; x_wconf 89' lang='lat' dir='ltr'><strong>honesta</strong></span> <span class='ocrx_word' id='word_1_203' title='bbox 1162 2262 1327 2345; x_wconf 74' lang='lat' dir='ltr'><strong>faciamuS,</strong></span> 
     </span>
    </p>
   </div>
   <div class='ocr_carea' id='block_1_3' title="bbox 122 2349 1327 2520">
    <p class='ocr_par' dir='ltr' id='par_1_4' title="bbox 122 2349 1327 2520">
     <span class='ocr_line' id='line_1_24' title="bbox 122 2349 1327 2436; baseline 0.004 -27"><span class='ocrx_word' id='word_1_204' title='bbox 122 2358 124 2362; x_wconf 84' lang='lat'>&#39;</span> <span class='ocrx_word' id='word_1_205' title='bbox 150 2369 190 2410; x_wconf 89' lang='lat' dir='ltr'><strong>ne</strong></span> <span class='ocrx_word' id='word_1_206' title='bbox 214 2352 435 2431; x_wconf 86' lang='lat' dir='ltr'><strong>exspectemus</strong></span> <span class='ocrx_word' id='word_1_207' title='bbox 459 2349 598 2433; x_wconf 91' lang='lat' dir='ltr'><strong>quidem,</strong></span> <span class='ocrx_word' id='word_1_208' title='bbox 622 2350 698 2413; x_wconf 93' lang='lat' dir='ltr'><strong>dum</strong></span> <span class='ocrx_word' id='word_1_209' title='bbox 713 2357 885 2436; x_wconf 69' lang='lat' dir='ltr'><strong>rogemur,</strong></span> <span class='ocrx_word' id='word_1_210' title='bbox 918 2351 1062 2414; x_wconf 87' lang='lat' dir='ltr'><strong>studium</strong></span> <span class='ocrx_word' id='word_1_211' title='bbox 1085 2373 1211 2435; x_wconf 88' lang='lat' dir='ltr'><strong>semper</strong></span> <span class='ocrx_word' id='word_1_212' title='bbox 1234 2351 1327 2433; x_wconf 90' lang='lat' dir='ltr'><strong>adsit,</strong></span> 
     </span>
     <span class='ocr_line' id='line_1_25' title="bbox 151 2435 1327 2520; baseline 0.003 -22"><span class='ocrx_word' id='word_1_213' title='bbox 151 2435 311 2499; x_wconf 89' lang='lat' dir='ltr'><strong>cunctatio</strong></span> <span class='ocrx_word' id='word_1_214' title='bbox 326 2436 438 2520; x_wconf 71' lang='lat' dir='ltr'><strong>absit,</strong></span> <span class='ocrx_word' id='word_1_215' title='bbox 459 2438 642 2501; x_wconf 85' lang='lat' dir='ltr'><strong>&#39;consilium</strong></span> <span class='ocrx_word' id='word_1_216' title='bbox 669 2460 745 2502; x_wconf 81' lang='lat' dir='ltr'><strong>vero</strong></span> <span class='ocrx_word' id='word_1_217' title='bbox 774 2440 848 2503; x_wconf 87' lang='lat' dir='ltr'><strong>darc</strong></span> <span class='ocrx_word' id='word_1_218' title='bbox 872 2440 1045 2504; x_wconf 84' lang='lat' dir='ltr'><strong>audeamus</strong></span> <span class='ocrx_word' id='word_1_219' title='bbox 1068 2438 1177 2503; x_wconf 87' lang='lat' dir='ltr'><strong>libere.</strong></span> <span class='ocrx_word' id='word_1_220' title='bbox 1223 2439 1327 2502; x_wconf 89' lang='lat' dir='ltr'><strong>Pluri-</strong></span> 
     </span>
    </p>
   </div>
   <div class='ocr_carea' id='block_1_4' title="bbox 78 2624 1338 3474">
    <p class='ocr_par' dir='ltr' id='par_1_5' title="bbox 148 2624 1327 2987">
     <span class='ocr_line' id='line_1_26' title="bbox 185 2624 1326 2696; baseline 0.003 -17"><span class='ocrx_word' id='word_1_221' title='bbox 185 2624 266 2696; x_wconf 59' lang='lat'><strong>§42</strong></span> <span class='ocrx_word' id='word_1_222' title='bbox 302 2627 464 2695; x_wconf 77' lang='lat' dir='ltr'><strong>Quorsum</strong></span> <span class='ocrx_word' id='word_1_223' title='bbox 480 2627 580 2683; x_wconf 80' lang='lat' dir='ltr'><strong>baec?</strong></span> <span class='ocrx_word' id='word_1_224' title='bbox 599 2645 635 2683; x_wconf 91' lang='lat' dir='ltr'><strong>sc.</strong></span> <span class='ocrx_word' id='word_1_225' title='bbox 655 2630 711 2684; x_wconf 74' lang='lat' dir='ltr'><strong>dds·</strong></span> <span class='ocrx_word' id='word_1_226' title='bbox 765 2629 834 2684; x_wconf 85' lang='lat' dir='ltr'><strong>heit.</strong></span> <span class='ocrx_word' id='word_1_227' title='bbox 870 2630 1006 2685; x_wconf 90' lang='lat' dir='ltr'><strong>Koriolan</strong></span> <span class='ocrx_word' id='word_1_228' title='bbox 1029 2631 1107 2685; x_wconf 90' lang='lat' dir='ltr'><strong>lebte</strong></span> <span class='ocrx_word' id='word_1_229' title='bbox 1129 2631 1204 2684; x_wconf 90' lang='lat' dir='ltr'><strong>nach</strong></span> <span class='ocrx_word' id='word_1_230' title='bbox 1222 2630 1326 2684; x_wconf 83' lang='lat' dir='ltr'><strong>Fabius</strong></span> 
     </span>
     <span class='ocr_line' id='line_1_27' title="bbox 148 2696 1327 2772; baseline 0.001 -19"><span class='ocrx_word' id='word_1_231' title='bbox 148 2704 225 2765; x_wconf 73' lang='lat' dir='ltr'><strong>paro.</strong></span> <span class='ocrx_word' id='word_1_232' title='bbox 271 2696 336 2767; x_wconf 82' lang='lat' dir='ltr'><strong>Vgl.</strong></span> <span class='ocrx_word' id='word_1_233' title='bbox 361 2697 421 2752; x_wconf 76' lang='lat' dir='ltr'><strong>cac.</strong></span> <span class='ocrx_word' id='word_1_234' title='bbox 444 2716 481 2752; x_wconf 88' lang='lat' dir='ltr'><strong>m.</strong></span> <span class='ocrx_word' id='word_1_235' title='bbox 505 2705 520 2764; x_wconf 64' lang='grc' dir='ltr'>ξ</span> <span class='ocrx_word' id='word_1_236' title='bbox 541 2704 581 2753; x_wconf 85' lang='grc'><strong>13.</strong></span> <span class='ocrx_word' id='word_1_237' title='bbox 628 2698 711 2753; x_wconf 86' lang='lat' dir='ltr'><strong>Diese</strong></span> <span class='ocrx_word' id='word_1_238' title='bbox 765 2700 812 2754; x_wconf 85' lang='lat' dir='ltr'><strong>bei</strong></span> <span class='ocrx_word' id='word_1_239' title='bbox 839 2700 935 2754; x_wconf 84' lang='lat' dir='ltr'><strong>Livius</strong></span> <span class='ocrx_word' id='word_1_240' title='bbox 963 2702 999 2772; x_wconf 90' lang='lat' dir='ltr'><strong>(Il</strong></span> <span class='ocrx_word' id='word_1_241' title='bbox 1021 2708 1064 2770; x_wconf 88' lang='grc'><strong>40,</strong></span> <span class='ocrx_word' id='word_1_242' title='bbox 1089 2705 1133 2772; x_wconf 89' lang='grc'><strong>10)</strong></span> <span class='ocrx_word' id='word_1_243' title='bbox 1161 2705 1245 2755; x_wconf 88' lang='lat' dir='ltr'><strong>unter</strong></span> <span class='ocrx_word' id='word_1_244' title='bbox 1272 2701 1327 2754; x_wconf 87' lang='lat' dir='ltr'><strong>den</strong></span> 
     </span>
     <span class='ocr_line' id='line_1_28' title="bbox 150 2767 1325 2837; baseline 0.006 -18"><span class='ocrx_word' id='word_1_245' title='bbox 150 2767 246 2836; x_wconf 86' lang='lat' dir='ltr'><strong>(meist</strong></span> <span class='ocrx_word' id='word_1_246' title='bbox 255 2767 543 2837; x_wconf 85' lang='lat' dir='ltr'><strong>clliptisehc)Formel</strong></span> <span class='ocrx_word' id='word_1_247' title='bbox 553 2769 712 2824; x_wconf 75' lang='lat' dir='ltr'><strong>ftihrtnach</strong></span> <span class='ocrx_word' id='word_1_248' title='bbox 764 2770 904 2826; x_wconf 87' lang='lat' dir='ltr'><strong>Volskern</strong></span> <span class='ocrx_word' id='word_1_249' title='bbox 921 2772 966 2826; x_wconf 84' lang='lat' dir='ltr'><strong>bis</strong></span> <span class='ocrx_word' id='word_1_250' title='bbox 980 2772 1024 2826; x_wconf 86' lang='lat' dir='ltr'><strong>ins</strong></span> <span class='ocrx_word' id='word_1_251' title='bbox 1038 2774 1112 2827; x_wconf 88' lang='lat' dir='ltr'><strong>hohc</strong></span> <span class='ocrx_word' id='word_1_252' title='bbox 1127 2771 1325 2826; x_wconf 85' lang='lat' dir='ltr'><strong>Greiscnalter.</strong></span> 
     </span>
     <span class='ocr_line' id='line_1_29' title="bbox 151 2837 1326 2912; baseline 0.003 -22"><span class='ocrx_word' id='word_1_253' title='bbox 151 2837 227 2891; x_wconf 88' lang='lat' dir='ltr'><strong>einer</strong></span> <span class='ocrx_word' id='word_1_254' title='bbox 259 2838 480 2910; x_wconf 83' lang='lat' dir='ltr'><strong>Absohweifung</strong></span> <span class='ocrx_word' id='word_1_255' title='bbox 511 2859 574 2894; x_wconf 88' lang='lat' dir='ltr'><strong>zum</strong></span> <span class='ocrx_word' id='word_1_256' title='bbox 605 2841 711 2894; x_wconf 87' lang='lat' dir='ltr'><strong>Thema</strong></span> <span class='ocrx_word' id='word_1_257' title='bbox 800 2841 885 2912; x_wconf 69' lang='lat' dir='ltr'><strong>§aa</strong></span> <span class='ocrx_word' id='word_1_258' title='bbox 921 2844 1012 2912; x_wconf 73' lang='lat' dir='ltr'><strong>Quod</strong></span> <span class='ocrx_word' id='word_1_259' title='bbox 1030 2845 1163 2912; x_wconf 75' lang='lat' dir='ltr'><strong>quidem</strong></span> <span class='ocrx_word' id='word_1_260' title='bbox 1184 2843 1241 2897; x_wconf 84' lang='lat' dir='ltr'><strong>‘cin</strong></span> <span class='ocrx_word' id='word_1_261' title='bbox 1255 2842 1326 2910; x_wconf 82' lang='lat' dir='ltr'><strong>Fall,</strong></span> 
     </span>
     <span class='ocr_line' id='line_1_30' title="bbox 150 2909 1116 2987; baseline 0.007 -27"><span class='ocrx_word' id='word_1_262' title='bbox 150 2909 261 2962; x_wconf 78' lang='lat' dir='ltr'><strong>zuruck.</strong></span> <span class='ocrx_word' id='word_1_263' title='bbox 765 2912 815 2965; x_wconf 84' lang='lat' dir='ltr'><strong>der</strong></span> <span class='ocrx_word' id='word_1_264' title='bbox 833 2912 1007 2983; x_wconf 85' lang='lat' dir='ltr'><strong>allerdings’.</strong></span> <span class='ocrx_word' id='word_1_265' title='bbox 1111 2978 1116 2987; x_wconf 38' lang='grc' dir='ltr'>Ι</span> 
     </span>
    </p>

    <p class='ocr_par' dir='ltr' id='par_1_6' title="bbox 150 2980 1338 3123">
     <span class='ocr_line' id='line_1_31' title="bbox 189 2980 1326 3052; baseline 0.004 -20"><span class='ocrx_word' id='word_1_266' title='bbox 189 2980 297 3045; x_wconf 72' lang='lat' dir='ltr'><strong>bocio,</strong></span> <span class='ocrx_word' id='word_1_267' title='bbox 324 2980 378 3033; x_wconf 84' lang='lat' dir='ltr'><strong>wie</strong></span> <span class='ocrx_word' id='word_1_268' title='bbox 405 2981 530 3034; x_wconf 88' lang='lat' dir='ltr'><strong>nachher</strong></span> <span class='ocrx_word' id='word_1_269' title='bbox 557 2983 711 3049; x_wconf 80' lang='lat' dir='ltr'><strong>inprobis</strong></span> <span class='ocrx_word' id='word_1_270' title='bbox 799 2989 836 3037; x_wconf 79' lang='lat' dir='ltr'><strong>at</strong></span> <span class='ocrx_word' id='word_1_271' title='bbox 857 3001 909 3038; x_wconf 81' lang='lat' dir='ltr'><strong>res</strong></span> <span class='ocrx_word' id='word_1_272' title='bbox 932 2986 982 3037; x_wconf 83' lang='lat' dir='ltr'><strong>ire</strong></span> <span class='ocrx_word' id='word_1_273' title='bbox 1000 2986 1108 3052; x_wconf 80' lang='lat' dir='ltr'><strong>coepit</strong></span> <span class='ocrx_word' id='word_1_274' title='bbox 1128 2983 1193 3036; x_wconf 78' lang='lat' dir='ltr'><strong>‘wic</strong></span> <span class='ocrx_word' id='word_1_275' title='bbox 1212 2999 1246 3036; x_wconf 88' lang='lat' dir='ltr'><strong>es</strong></span> <span class='ocrx_word' id='word_1_276' title='bbox 1266 2983 1326 3037; x_wconf 90' lang='lat' dir='ltr'><strong>sich</strong></span> 
     </span>
     <span class='ocr_line' id='line_1_32' title="bbox 150 3048 1338 3123; baseline 0.005 -22"><span class='ocrx_word' id='word_1_277' title='bbox 150 3049 180 3101; x_wconf 92' lang='lat' dir='ltr'><strong>in</strong></span> <span class='ocrx_word' id='word_1_278' title='bbox 198 3048 377 3117; x_wconf 87' lang='lat' dir='ltr'><strong>politischem</strong></span> <span class='ocrx_word' id='word_1_279' title='bbox 396 3049 488 3104; x_wconf 87' lang='lat' dir='ltr'><strong>Sinne.</strong></span> <span class='ocrx_word' id='word_1_280' title='bbox 765 3051 861 3105; x_wconf 90' lang='lat' dir='ltr'><strong>bisher</strong></span> <span class='ocrx_word' id='word_1_281' title='bbox 880 3053 1046 3123; x_wconf 84' lang='lat' dir='ltr'><strong>angelasscn</strong></span> <span class='ocrx_word' id='word_1_282' title='bbox 1064 3055 1135 3107; x_wconf 88' lang='lat' dir='ltr'><strong>hat’.</strong></span> <span class='ocrx_word' id='word_1_283' title='bbox 1165 3054 1200 3107; x_wconf 88' lang='lat' dir='ltr'><strong>So</strong></span> <span class='ocrx_word' id='word_1_284' title='bbox 1214 3054 1338 3107; x_wconf 84' lang='lat' dir='ltr'><strong>vertritt-</strong></span> 
     </span>
    </p>

    <p class='ocr_par' dir='ltr' id='par_1_7' title="bbox 185 3120 1326 3193">
     <span class='ocr_line' id='line_1_33' title="bbox 185 3120 1326 3193; baseline 0.006 -21"><span class='ocrx_word' id='word_1_285' title='bbox 185 3120 303 3189; x_wconf 71' lang='lat' dir='ltr'><strong>dpacri</strong></span> <span class='ocrx_word' id='word_1_286' title='bbox 326 3137 406 3174; x_wconf 81' lang='lat' dir='ltr'><strong>casa</strong></span> <span class='ocrx_word' id='word_1_287' title='bbox 429 3123 558 3190; x_wconf 76' lang='lat' dir='ltr'><strong>ala&#39;qco,</strong></span> <span class='ocrx_word' id='word_1_288' title='bbox 585 3122 640 3191; x_wconf 82' lang='lat' dir='ltr'><strong>vgl.</strong></span> <span class='ocrx_word' id='word_1_289' title='bbox 661 3128 711 3188; x_wconf 73' lang='lat'><strong>§3</strong></span> <span class='ocrx_word' id='word_1_290' title='bbox 765 3139 808 3178; x_wconf 84' lang='lat' dir='ltr'><strong>res</strong></span> <span class='ocrx_word' id='word_1_291' title='bbox 825 3140 910 3178; x_wconf 84' lang='lat' dir='ltr'><strong>unser</strong></span> <span class='ocrx_word' id='word_1_292' title='bbox 929 3125 981 3177; x_wconf 80' lang='lat' dir='ltr'><strong>‘es’</strong></span> <span class='ocrx_word' id='word_1_293' title='bbox 997 3124 1028 3177; x_wconf 92' lang='lat' dir='ltr'><strong>in</strong></span> <span class='ocrx_word' id='word_1_294' title='bbox 1041 3125 1326 3193; x_wconf 75' lang='lat' dir='ltr'><strong>Redensartemwie:</strong></span> 
     </span>
    </p>

    <p class='ocr_par' dir='ltr' id='par_1_8' title="bbox 78 3191 1327 3335">
     <span class='ocr_line' id='line_1_34' title="bbox 78 3191 1327 3262; baseline 0.004 -19"><span class='ocrx_word' id='word_1_295' title='bbox 78 3258 80 3262; x_wconf 67' lang='lat'><strong>,</strong></span> <span class='ocrx_word' id='word_1_296' title='bbox 150 3208 169 3244; x_wconf 84' lang='lat' dir='ltr'><strong>a</strong></span> <span class='ocrx_word' id='word_1_297' title='bbox 183 3191 374 3258; x_wconf 76' lang='lat' dir='ltr'><strong>praesentibus</strong></span> <span class='ocrx_word' id='word_1_298' title='bbox 391 3207 490 3246; x_wconf 84' lang='lat' dir='ltr'><strong>coram.</strong></span> <span class='ocrx_word' id='word_1_299' title='bbox 765 3210 808 3249; x_wconf 84' lang='lat' dir='ltr'><strong>rea</strong></span> <span class='ocrx_word' id='word_1_300' title='bbox 830 3196 868 3248; x_wconf 83' lang='lat' dir='ltr'><strong>ad</strong></span> <span class='ocrx_word' id='word_1_301' title='bbox 890 3212 970 3250; x_wconf 82' lang='lat' dir='ltr'><strong>arma</strong></span> <span class='ocrx_word' id='word_1_302' title='bbox 992 3198 1066 3251; x_wconf 73' lang='lat' dir='ltr'><strong>cedit</strong></span> <span class='ocrx_word' id='word_1_303' title='bbox 1089 3212 1118 3250; x_wconf 89' lang='lat' dir='ltr'><strong>es</strong></span> <span class='ocrx_word' id='word_1_304' title='bbox 1136 3195 1246 3250; x_wconf 84' lang='lat' dir='ltr'><strong>kommt</strong></span> <span class='ocrx_word' id='word_1_305' title='bbox 1264 3214 1327 3248; x_wconf 89' lang='lat' dir='ltr'><strong>zum</strong></span> 
     </span>
     <span class='ocr_line' id='line_1_35' title="bbox 184 3261 1327 3335; baseline 0.005 -21"><span class='ocrx_word' id='word_1_306' title='bbox 184 3267 268 3314; x_wconf 83' lang='lat' dir='ltr'><strong>ut-</strong></span> <span class='ocrx_word' id='word_1_307' title='bbox 283 3279 335 3328; x_wconf 82' lang='lat' dir='ltr'><strong>ae,</strong></span> <span class='ocrx_word' id='word_1_308' title='bbox 348 3261 411 3316; x_wconf 87' lang='lat' dir='ltr'><strong>hier</strong></span> <span class='ocrx_word' id='word_1_309' title='bbox 424 3265 563 3332; x_wconf 83' lang='lat' dir='ltr'><strong>getrennt,</strong></span> <span class='ocrx_word' id='word_1_310' title='bbox 580 3263 636 3333; x_wconf 84' lang='lat' dir='ltr'><strong>vgl.</strong></span> <span class='ocrx_word' id='word_1_311' title='bbox 651 3269 710 3330; x_wconf 73' lang='lat'><strong>§43</strong></span> <span class='ocrx_word' id='word_1_312' title='bbox 764 3264 876 3335; x_wconf 84' lang='lat' dir='ltr'><strong>Kriege‚</strong></span> <span class='ocrx_word' id='word_1_313' title='bbox 894 3283 937 3322; x_wconf 82' lang='lat' dir='ltr'><strong>rea</strong></span> <span class='ocrx_word' id='word_1_314' title='bbox 955 3268 1023 3320; x_wconf 69' lang='lat' dir='ltr'><strong>mebi</strong></span> <span class='ocrx_word' id='word_1_315' title='bbox 1041 3274 1127 3323; x_wconf 83' lang='lat' dir='ltr'><strong>tecum</strong></span> <span class='ocrx_word' id='word_1_316' title='bbox 1141 3274 1179 3323; x_wconf 83' lang='lat' dir='ltr'><strong>est</strong></span> <span class='ocrx_word' id='word_1_317' title='bbox 1192 3266 1239 3321; x_wconf 89' lang='lat' dir='ltr'><strong>ich</strong></span> <span class='ocrx_word' id='word_1_318' title='bbox 1253 3267 1327 3320; x_wconf 89' lang='lat' dir='ltr'><strong>habe</strong></span> 
     </span>
    </p>

    <p class='ocr_par' dir='ltr' id='par_1_9' title="bbox 149 3336 1327 3474">
     <span class='ocr_line' id='line_1_36' title="bbox 149 3336 1326 3405; baseline 0.006 -21"><span class='ocrx_word' id='word_1_319' title='bbox 149 3337 185 3385; x_wconf 77' lang='lat' dir='ltr'><strong>at</strong></span> <span class='ocrx_word' id='word_1_320' title='bbox 203 3348 248 3385; x_wconf 82' lang='lat' dir='ltr'><strong>ae.</strong></span> <span class='ocrx_word' id='word_1_321' title='bbox 765 3351 794 3388; x_wconf 84' lang='lat' dir='ltr'><strong>es</strong></span> <span class='ocrx_word' id='word_1_322' title='bbox 812 3337 866 3390; x_wconf 86' lang='lat' dir='ltr'><strong>mit</strong></span> <span class='ocrx_word' id='word_1_323' title='bbox 884 3336 928 3390; x_wconf 90' lang='lat' dir='ltr'><strong>dir</strong></span> <span class='ocrx_word' id='word_1_324' title='bbox 946 3356 981 3391; x_wconf 87' lang='lat' dir='ltr'><strong>zu</strong></span> <span class='ocrx_word' id='word_1_325' title='bbox 998 3338 1078 3405; x_wconf 82' lang='lat' dir='ltr'><strong>thun,</strong></span> <span class='ocrx_word' id='word_1_326' title='bbox 1100 3355 1143 3392; x_wconf 80' lang='lat' dir='ltr'><strong>res</strong></span> <span class='ocrx_word' id='word_1_327' title='bbox 1161 3355 1190 3392; x_wconf 88' lang='lat' dir='ltr'><strong>eo</strong></span> <span class='ocrx_word' id='word_1_328' title='bbox 1209 3337 1277 3391; x_wconf 85' lang='lat' dir='ltr'><strong>oder</strong></span> <span class='ocrx_word' id='word_1_329' title='bbox 1295 3339 1326 3391; x_wconf 77' lang='lat' dir='ltr'><strong>ia</strong></span> 
     </span>
     <span class='ocr_line' id='line_1_37' title="bbox 185 3403 1327 3474; baseline 0.005 -20"><span class='ocrx_word' id='word_1_330' title='bbox 185 3419 242 3456; x_wconf 82' lang='lat' dir='ltr'><strong>acc</strong></span> <span class='ocrx_word' id='word_1_331' title='bbox 260 3419 334 3458; x_wconf 81' lang='lat' dir='ltr'><strong>cero</strong></span> <span class='ocrx_word' id='word_1_332' title='bbox 354 3403 424 3464; x_wconf 81' lang='lat' dir='ltr'><strong>‘und</strong></span> <span class='ocrx_word' id='word_1_333' title='bbox 442 3420 515 3457; x_wconf 86' lang='lat' dir='ltr'><strong>zwar</strong></span> <span class='ocrx_word' id='word_1_334' title='bbox 532 3405 632 3460; x_wconf 89' lang='lat' dir='ltr'><strong>nicht&#39;.</strong></span> <span class='ocrx_word' id='word_1_335' title='bbox 764 3423 825 3461; x_wconf 78' lang='lat' dir='ltr'><strong>cam</strong></span> <span class='ocrx_word' id='word_1_336' title='bbox 850 3409 937 3463; x_wconf 79' lang='lat' dir='ltr'><strong>locam</strong></span> <span class='ocrx_word' id='word_1_337' title='bbox 962 3410 1151 3474; x_wconf 67' lang='lat' dir='ltr'><strong>deductorem,</strong></span> <span class='ocrx_word' id='word_1_338' title='bbox 1175 3414 1208 3462; x_wconf 79' lang='lat' dir='ltr'><strong>ut</strong></span> <span class='ocrx_word' id='word_1_339' title='bbox 1233 3424 1262 3461; x_wconf 90' lang='lat' dir='ltr'><strong>es</strong></span> <span class='ocrx_word' id='word_1_340' title='bbox 1288 3407 1327 3460; x_wconf 86' lang='lat' dir='ltr'><strong>ist</strong></span> 
     </span>
    </p>
   </div>
   <div class='ocr_carea' id='block_1_5' title="bbox 66 3473 1324 3613">
    <p class='ocr_par' dir='ltr' id='par_1_10' title="bbox 66 3473 1324 3613">
     <span class='ocr_line' id='line_1_38' title="bbox 187 3473 1324 3550; baseline 0.004 -25"><span class='ocrx_word' id='word_1_341' title='bbox 187 3475 294 3526; x_wconf 81' lang='lat' dir='ltr'><strong>secuti</strong></span> <span class='ocrx_word' id='word_1_342' title='bbox 319 3480 430 3539; x_wconf 78' lang='lat' dir='ltr'><strong>erant,</strong></span> <span class='ocrx_word' id='word_1_343' title='bbox 458 3473 496 3526; x_wconf 91' lang='lat' dir='ltr'><strong>im</strong></span> <span class='ocrx_word' id='word_1_344' title='bbox 524 3475 556 3529; x_wconf 90' lang='lat' dir='ltr'><strong>D.</strong></span> <span class='ocrx_word' id='word_1_345' title='bbox 583 3476 710 3532; x_wconf 73' lang='lat' dir='ltr'><strong>Prascns.</strong></span> <span class='ocrx_word' id='word_1_346' title='bbox 766 3478 864 3532; x_wconf 85' lang='lat' dir='ltr'><strong>soweit</strong></span> <span class='ocrx_word' id='word_1_347' title='bbox 882 3478 990 3550; x_wconf 89' lang='lat' dir='ltr'><strong>(dahin)</strong></span> <span class='ocrx_word' id='word_1_348' title='bbox 1010 3478 1185 3549; x_wconf 85' lang='lat' dir='ltr'><strong>gekommcn,</strong></span> <span class='ocrx_word' id='word_1_349' title='bbox 1205 3477 1267 3530; x_wconf 81' lang='lat' dir='ltr'><strong>dass</strong></span> <span class='ocrx_word' id='word_1_350' title='bbox 1282 3510 1324 3531; x_wconf 94' lang='lat'><strong>-.</strong></span> 
     </span>
     <span class='ocr_line' id='line_1_39' title="bbox 66 3540 710 3613; baseline 0.009 -17"><span class='ocrx_word' id='word_1_351' title='bbox 66 3587 72 3596; x_wconf 90' lang='lat'>.</span> <span class='ocrx_word' id='word_1_352' title='bbox 151 3540 209 3594; x_wconf 89' lang='lat' dir='ltr'><strong>Das</strong></span> <span class='ocrx_word' id='word_1_353' title='bbox 227 3542 290 3595; x_wconf 86' lang='lat' dir='ltr'><strong>Fut.</strong></span> <span class='ocrx_word' id='word_1_354' title='bbox 305 3543 330 3595; x_wconf 89' lang='lat' dir='ltr'>H</span> <span class='ocrx_word' id='word_1_355' title='bbox 348 3559 447 3613; x_wconf 84' lang='lat' dir='ltr'><strong>wegen</strong></span> <span class='ocrx_word' id='word_1_356' title='bbox 467 3544 516 3597; x_wconf 88' lang='lat' dir='ltr'><strong>des</strong></span> <span class='ocrx_word' id='word_1_357' title='bbox 535 3544 566 3598; x_wconf 93' lang='lat' dir='ltr'><strong>in</strong></span> <span class='ocrx_word' id='word_1_358' title='bbox 580 3546 644 3600; x_wconf 85' lang='lat' dir='ltr'><strong>dem</strong></span> <span class='ocrx_word' id='word_1_359' title='bbox 658 3548 710 3602; x_wconf 83' lang='lat' dir='ltr'><strong>Ge-</strong></span> 
     </span>
    </p>
   </div>
   <div class='ocr_carea' id='block_1_6' title="bbox 150 3611 1326 3750">
    <p class='ocr_par' dir='ltr' id='par_1_11' title="bbox 150 3611 1326 3750">
     <span class='ocr_line' id='line_1_40' title="bbox 150 3611 1326 3750; baseline -0.016 -24"><span class='ocrx_word' id='word_1_360' title='bbox 150 3611 468 3750; x_wconf 47' lang='grc' dir='ltr'><strong>ωἲῗιιὲἓῗαξὲῗῗῃᾞ</strong></span> <span class='ocrx_word' id='word_1_361' title='bbox 480 3615 708 3743; x_wconf 47' lang='lat' dir='ltr'><strong>Fggrifffflgss</strong></span> <span class='ocrx_word' id='word_1_362' title='bbox 764 3654 794 3722; x_wconf 89' lang='lat' dir='ltr'><strong>b)</strong></span> <span class='ocrx_word' id='word_1_363' title='bbox 822 3654 958 3724; x_wconf 84' lang='lat' dir='ltr'><strong>Dagcgen</strong></span> <span class='ocrx_word' id='word_1_364' title='bbox 985 3655 1037 3709; x_wconf 88' lang='lat' dir='ltr'><strong>hat</strong></span> <span class='ocrx_word' id='word_1_365' title='bbox 1063 3655 1109 3709; x_wconf 89' lang='lat' dir='ltr'><strong>ein</strong></span> <span class='ocrx_word' id='word_1_366' title='bbox 1133 3655 1245 3709; x_wconf 79' lang='lat' dir='ltr'><strong>Freund</strong></span> <span class='ocrx_word' id='word_1_367' title='bbox 1271 3655 1326 3707; x_wconf 90' lang='lat' dir='ltr'><strong>den</strong></span> 
     </span>
    </p>
   </div>
   <div class='ocr_carea' id='block_1_7' title="bbox 82 3725 1374 4466">
    <p class='ocr_par' dir='ltr' id='par_1_12' title="bbox 149 3725 1325 3828">
     <span class='ocr_line' id='line_1_41' title="bbox 149 3725 1325 3828; baseline 0.011 -23"><span class='ocrx_word' id='word_1_368' title='bbox 149 3752 211 3806; x_wconf 76' lang='lat' dir='ltr'><strong>nen</strong></span> <span class='ocrx_word' id='word_1_369' title='bbox 239 3752 410 3808; x_wconf 73' lang='lat' dir='ltr'><strong>coerceam</strong></span> <span class='ocrx_word' id='word_1_370' title='bbox 441 3755 512 3810; x_wconf 77' lang='lat' dir='ltr'><strong>acer</strong></span> <span class='ocrx_word' id='word_1_371' title='bbox 543 3757 590 3810; x_wconf 72' lang='lat' dir='ltr'><strong>cre</strong></span> <span class='ocrx_word' id='word_1_372' title='bbox 622 3776 710 3828; x_wconf 68' lang='lat' dir='ltr'><strong>ganzo</strong></span> <span class='ocrx_word' id='word_1_373' title='bbox 765 3725 879 3807; x_wconf 56' lang='lat' dir='ltr'><strong>aldem.</strong></span> <span class='ocrx_word' id='word_1_374' title='bbox 898 3725 929 3778; x_wconf 58' lang='lat'><strong>1¹²</strong></span> <span class='ocrx_word' id='word_1_375' title='bbox 954 3725 1039 3780; x_wconf 65' lang='lat' dir='ltr'><strong>³¹¹⁰m</strong></span> <span class='ocrx_word' id='word_1_376' title='bbox 1065 3726 1325 3796; x_wconf 50' lang='lat' dir='ltr'><strong>Sifflffhssuien</strong></span> 
     </span>
    </p>

    <p class='ocr_par' dir='ltr' id='par_1_13' title="bbox 150 3795 1326 3899">
     <span class='ocr_line' id='line_1_42' title="bbox 150 3795 1326 3899; baseline 0.011 -23"><span class='ocrx_word' id='word_1_377' title='bbox 150 3822 327 3893; x_wconf 84' lang='lat' dir='ltr'><strong>griechische</strong></span> <span class='ocrx_word' id='word_1_378' title='bbox 341 3825 435 3880; x_wconf 82' lang='lat' dir='ltr'><strong>Flotte</strong></span> <span class='ocrx_word' id='word_1_379' title='bbox 453 3826 548 3882; x_wconf 74' lang='lat' dir='ltr'><strong>fiihrte</strong></span> <span class='ocrx_word' id='word_1_380' title='bbox 565 3829 614 3882; x_wconf 87' lang='lat' dir='ltr'><strong>der</strong></span> <span class='ocrx_word' id='word_1_381' title='bbox 628 3829 710 3899; x_wconf 80' lang='lat' dir='ltr'><strong>Spar·</strong></span> <span class='ocrx_word' id='word_1_382' title='bbox 764 3798 817 3848; x_wconf 44' lang='grc' dir='ltr'><strong>Μὴ</strong></span> <span class='ocrx_word' id='word_1_383' title='bbox 844 3795 1132 3885; x_wconf 53' lang='grc' dir='ltr'><strong>ΗῙΠΕΘΜΠΗ..(ῙΠΝῙῙ</strong></span> <span class='ocrx_word' id='word_1_384' title='bbox 1157 3798 1240 3851; x_wconf 50' lang='grc' dir='ltr'><strong>ΨΜ</strong></span> <span class='ocrx_word' id='word_1_385' title='bbox 1267 3796 1326 3849; x_wconf 71' lang='lat' dir='ltr'><strong>und</strong></span> 
     </span>
    </p>

    <p class='ocr_par' dir='ltr' id='par_1_14' title="bbox 152 3866 1374 4253">
     <span class='ocr_line' id='line_1_43' title="bbox 152 3866 1288 3964; baseline 0.005 -50"><span class='ocrx_word' id='word_1_386' title='bbox 152 3897 234 3947; x_wconf 58' lang='lat' dir='ltr'><strong>tane,</strong></span> <span class='ocrx_word' id='word_1_387' title='bbox 251 3895 434 3964; x_wconf 32' lang='lat' dir='ltr'><strong>Eurybiades,</strong></span> <span class='ocrx_word' id='word_1_388' title='bbox 765 3866 840 3920; x_wconf 85' lang='lat' dir='ltr'><strong>That</strong></span> <span class='ocrx_word' id='word_1_389' title='bbox 857 3884 892 3920; x_wconf 89' lang='lat' dir='ltr'><strong>zu</strong></span> <span class='ocrx_word' id='word_1_390' title='bbox 911 3871 1105 3922; x_wconf 83' lang='lat' dir='ltr'><strong>unterstutzen</strong></span> <span class='ocrx_word' id='word_1_391' title='bbox 1123 3874 1154 3934; x_wconf 57' lang='grc' dir='ltr'><strong>ἐξ</strong></span> <span class='ocrx_word' id='word_1_392' title='bbox 1174 3873 1288 3920; x_wconf 85' lang='grc'>44-61.</span> 
     </span>
     <span class='ocr_line' id='line_1_44' title="bbox 183 3964 1235 4042; baseline 0.008 -24"><span class='ocrx_word' id='word_1_393' title='bbox 183 3964 708 4034; x_wconf 77' lang='lat' dir='ltr'><strong>fecite&#39;dcm,crflohzudenFeinden.</strong></span> <span class='ocrx_word' id='word_1_394' title='bbox 800 3969 885 4042; x_wconf 64' lang='lat'><strong>544.</strong></span> <span class='ocrx_word' id='word_1_395' title='bbox 922 3975 1061 4027; x_wconf 77' lang='lat' dir='ltr'><strong>honesta</strong></span> <span class='ocrx_word' id='word_1_396' title='bbox 1081 3973 1144 4026; x_wconf 81' lang='lat' dir='ltr'><strong>‘nm</strong></span> <span class='ocrx_word' id='word_1_397' title='bbox 1164 4015 1170 4027; x_wconf 91' lang='lat'><strong>.</strong></span> <span class='ocrx_word' id='word_1_398' title='bbox 1190 4015 1196 4026; x_wconf 93' lang='lat'>.</span> <span class='ocrx_word' id='word_1_399' title='bbox 1218 3974 1235 4026; x_wconf 92' lang='lat'><strong>.’</strong></span> 
     </span>
     <span class='ocr_line' id='line_1_45' title="bbox 185 4036 1325 4117; baseline 0.008 -30"><span class='ocrx_word' id='word_1_400' title='bbox 185 4036 343 4117; x_wconf 65' lang='lat' dir='ltr'><strong>iacentes</strong></span> <span class='ocrx_word' id='word_1_401' title='bbox 361 4044 409 4092; x_wconf 80' lang='lat' dir='ltr'><strong>est</strong></span> <span class='ocrx_word' id='word_1_402' title='bbox 430 4038 576 4092; x_wconf 73' lang='lat' dir='ltr'><strong>ubersetze</strong></span> <span class='ocrx_word' id='word_1_403' title='bbox 594 4040 707 4095; x_wconf 87' lang='lat' dir='ltr'><strong>medial.</strong></span> <span class='ocrx_word' id='word_1_404' title='bbox 797 4045 993 4111; x_wconf 79' lang='lat' dir='ltr'><strong>petamus-</strong></span> <span class='ocrx_word' id='word_1_405' title='bbox 1005 4044 1181 4111; x_wconf 79' lang='lat' dir='ltr'><strong>sociamus.</strong></span> <span class='ocrx_word' id='word_1_406' title='bbox 1200 4044 1325 4097; x_wconf 85' lang='lat' dir='ltr'><strong>Bcachte</strong></span> 
     </span>
     <span class='ocr_line' id='line_1_46' title="bbox 185 4109 1374 4183; baseline 0.008 -24"><span class='ocrx_word' id='word_1_407' title='bbox 185 4111 300 4175; x_wconf 70' lang='lat' dir='ltr'><strong>stoque</strong></span> <span class='ocrx_word' id='word_1_408' title='bbox 318 4133 352 4152; x_wconf 90' lang='lat'>=</span> <span class='ocrx_word' id='word_1_409' title='bbox 371 4124 424 4175; x_wconf 79' lang='lat' dir='ltr'><strong>quo</strong></span> <span class='ocrx_word' id='word_1_410' title='bbox 442 4109 546 4173; x_wconf 74' lang='lat' dir='ltr'><strong>factam</strong></span> <span class='ocrx_word' id='word_1_411' title='bbox 564 4117 611 4176; x_wconf 83' lang='lat' dir='ltr'><strong>est,</strong></span> <span class='ocrx_word' id='word_1_412' title='bbox 629 4118 668 4166; x_wconf 78' lang='lat' dir='ltr'><strong>ct.</strong></span> <span class='ocrx_word' id='word_1_413' title='bbox 764 4111 810 4166; x_wconf 89' lang='lat' dir='ltr'><strong>dic</strong></span> <span class='ocrx_word' id='word_1_414' title='bbox 824 4111 1060 4183; x_wconf 86' lang='lat' dir='ltr'><strong>Homoioteleuta,</strong></span> <span class='ocrx_word' id='word_1_415' title='bbox 1080 4113 1164 4168; x_wconf 86' lang='lat' dir='ltr'><strong>sowic</strong></span> <span class='ocrx_word' id='word_1_416' title='bbox 1179 4113 1225 4168; x_wconf 88' lang='lat' dir='ltr'><strong>die</strong></span> <span class='ocrx_word' id='word_1_417' title='bbox 1239 4114 1324 4168; x_wconf 89' lang='lat' dir='ltr'><strong>Paro·</strong></span> <span class='ocrx_word' id='word_1_418' title='bbox 1373 4141 1374 4146; x_wconf 14' lang='grc' dir='ltr'><strong>κ</strong></span> 
     </span>
     <span class='ocr_line' id='line_1_47' title="bbox 184 4180 1324 4253; baseline 0.009 -24"><span class='ocrx_word' id='word_1_419' title='bbox 184 4180 525 4234; x_wconf 69' lang='lat' dir='ltr'><strong>mortem—coacescit.</strong></span> <span class='ocrx_word' id='word_1_420' title='bbox 540 4180 710 4235; x_wconf 80' lang='lat' dir='ltr'><strong>DerSelbst</strong></span> <span class='ocrx_word' id='word_1_421' title='bbox 763 4183 889 4237; x_wconf 85' lang='lat' dir='ltr'><strong>nomasic</strong></span> <span class='ocrx_word' id='word_1_422' title='bbox 910 4183 1131 4253; x_wconf 83' lang='lat' dir='ltr'><strong>(Annominatio)</strong></span> <span class='ocrx_word' id='word_1_423' title='bbox 1150 4184 1180 4237; x_wconf 91' lang='lat' dir='ltr'><strong>in</strong></span> <span class='ocrx_word' id='word_1_424' title='bbox 1198 4186 1272 4240; x_wconf 80' lang='lat' dir='ltr'><strong>adsit</strong></span> <span class='ocrx_word' id='word_1_425' title='bbox 1291 4218 1324 4224; x_wconf 97' lang='lat'>-</span> 
     </span>
    </p>

    <p class='ocr_par' dir='ltr' id='par_1_15' title="bbox 148 4246 1324 4328">
     <span class='ocr_line' id='line_1_48' title="bbox 148 4246 1324 4328; baseline 0.009 -29"><span class='ocrx_word' id='word_1_426' title='bbox 148 4247 228 4300; x_wconf 89' lang='lat' dir='ltr'><strong>mord</strong></span> <span class='ocrx_word' id='word_1_427' title='bbox 251 4246 350 4328; x_wconf 79' lang='lat' dir='ltr'><strong>beider</strong></span> <span class='ocrx_word' id='word_1_428' title='bbox 372 4248 411 4301; x_wconf 87' lang='lat' dir='ltr'><strong>ist</strong></span> <span class='ocrx_word' id='word_1_429' title='bbox 433 4251 591 4319; x_wconf 83' lang='lat' dir='ltr'><strong>aagenhaft.</strong></span> <span class='ocrx_word' id='word_1_430' title='bbox 629 4253 710 4306; x_wconf 83' lang='lat' dir='ltr'><strong>Nach</strong></span> <span class='ocrx_word' id='word_1_431' title='bbox 764 4255 844 4309; x_wconf 79' lang='lat' dir='ltr'><strong>absit.</strong></span> <span class='ocrx_word' id='word_1_432' title='bbox 880 4254 943 4325; x_wconf 84' lang='lat' dir='ltr'><strong>Vgl.</strong></span> <span class='ocrx_word' id='word_1_433' title='bbox 960 4255 1019 4311; x_wconf 83' lang='lat' dir='ltr'><strong>Cat.</strong></span> <span class='ocrx_word' id='word_1_434' title='bbox 1034 4274 1069 4309; x_wconf 94' lang='lat' dir='ltr'><strong>m.</strong></span> <span class='ocrx_word' id='word_1_435' title='bbox 1085 4262 1100 4321; x_wconf 66' lang='grc' dir='ltr'>ξ</span> <span class='ocrx_word' id='word_1_436' title='bbox 1116 4261 1149 4308; x_wconf 84' lang='grc'><strong>33</strong></span> <span class='ocrx_word' id='word_1_437' title='bbox 1164 4256 1230 4310; x_wconf 77' lang='lat' dir='ltr'><strong>dum</strong></span> <span class='ocrx_word' id='word_1_438' title='bbox 1245 4257 1324 4323; x_wconf 83' lang='lat' dir='ltr'><strong>absit,</strong></span> 
     </span>
    </p>

    <p class='ocr_par' dir='ltr' id='par_1_16' title="bbox 144 4316 922 4389">
     <span class='ocr_line' id='line_1_49' title="bbox 144 4316 922 4389; baseline 0.021 -25"><span class='ocrx_word' id='word_1_439' title='bbox 144 4316 332 4382; x_wconf 72' lang='lat' dir='ltr'><strong>Thulydrdes</strong></span> <span class='ocrx_word' id='word_1_440' title='bbox 349 4319 375 4387; x_wconf 80' lang='lat' dir='ltr'><strong>(J</strong></span> <span class='ocrx_word' id='word_1_441' title='bbox 392 4323 438 4389; x_wconf 83' lang='lat'><strong>38)</strong></span> <span class='ocrx_word' id='word_1_442' title='bbox 456 4322 535 4374; x_wconf 85' lang='lat' dir='ltr'><strong>starb</strong></span> <span class='ocrx_word' id='word_1_443' title='bbox 554 4322 711 4377; x_wconf 63' lang='lat' dir='ltr'><strong>Themistoss</strong></span> <span class='ocrx_word' id='word_1_444' title='bbox 764 4341 826 4378; x_wconf 81' lang='lat' dir='ltr'><strong>cum</strong></span> <span class='ocrx_word' id='word_1_445' title='bbox 844 4326 922 4380; x_wconf 83' lang='lat' dir='ltr'><strong>absit.</strong></span> 
     </span>
    </p>

    <p class='ocr_par' dir='ltr' id='par_1_17' title="bbox 82 4376 1201 4466">
     <span class='ocr_line' id='line_1_50' title="bbox 82 4376 1201 4466; baseline 0.023 -41"><span class='ocrx_word' id='word_1_446' title='bbox 82 4376 85 4415; x_wconf 74' lang='grc' dir='ltr'>Ι</span> <span class='ocrx_word' id='word_1_447' title='bbox 122 4378 191 4429; x_wconf 75' lang='lat' dir='ltr'><strong>lrlas</strong></span> <span class='ocrx_word' id='word_1_448' title='bbox 211 4401 249 4434; x_wconf 65' lang='grc' dir='ltr'><strong>ιιι</strong></span> <span class='ocrx_word' id='word_1_449' title='bbox 266 4385 423 4456; x_wconf 79' lang='lat' dir='ltr'><strong>Magnesia</strong></span> <span class='ocrx_word' id='word_1_450' title='bbox 443 4407 480 4446; x_wconf 89' lang='lat' dir='ltr'><strong>an</strong></span> <span class='ocrx_word' id='word_1_451' title='bbox 500 4392 581 4449; x_wconf 87' lang='lat' dir='ltr'><strong>einer</strong></span> <span class='ocrx_word' id='word_1_452' title='bbox 598 4395 711 4451; x_wconf 88' lang='lat' dir='ltr'><strong>Krank·</strong></span> <span class='ocrx_word' id='word_1_453' title='bbox 803 4403 1025 4466; x_wconf 76' lang='lat' dir='ltr'><strong>exspectemus</strong></span> <span class='ocrx_word' id='word_1_454' title='bbox 1042 4398 1114 4451; x_wconf 78' lang='lat' dir='ltr'><strong>‘erat</strong></span> <span class='ocrx_word' id='word_1_455' title='bbox 1135 4441 1140 4451; x_wconf 86' lang='lat'>.</span> <span class='ocrx_word' id='word_1_456' title='bbox 1161 4441 1166 4450; x_wconf 89' lang='lat'><em>.</em></span> <span class='ocrx_word' id='word_1_457' title='bbox 1188 4398 1201 4450; x_wconf 90' lang='lat'><strong>.’</strong></span> 
     </span>
    </p>
   </div>
   <div class='ocr_carea' id='block_1_8' title="bbox 0 0 1460 4716">
    <p class='ocr_par' dir='ltr' id='par_1_18' title="bbox 0 0 1460 4716">
     <span class='ocr_line' id='line_1_51' title="bbox 0 0 1460 4716; baseline 0 0"><span class='ocrx_word' id='word_1_458' title='bbox 0 0 1460 4716; x_wconf 95' lang='lat' dir='ltr'><strong> </strong></span> 
     </span>
    </p>
   </div>
  </div>
 </body>
</html>
