2910 4716
523 162 608 251 'anu
627 197 734 251 x-xr.
771 202 919 262 sas-ss.
1274 199 1316 264 35

141 357 273 442 Rupilio
302 341 497 422 consulibus*
518 358 553 421 in
581 357 729 442 consilio,
757 358 962 442 deprecatum
989 359 1142 442 venisset,
1169 359 1252 424 hano
1279 365 1318 425 ut

141 447 204 511 sibi
227 447 440 531 ignoscerem,
469 467 598 510 causam
622 446 800 530 adferebat,
824 446 911 530 quod
933 447 1018 510 tanti
1041 447 1109 511 Tib.
1135 446 1315 512 Gracchum

139 535 278 619 fecisset,
300 539 346 620 ut,
372 534 529 619 quidquid
552 535 607 598 ille
629 534 735 619 vellet,
760 535 821 598 sibi
844 534 1026 599 faciendum
1048 539 1186 619 putaret.
1233 537 1315 600 Tum

141 645 214 708 ego:
245 623 450 707 ‘Etiamne,
474 624 506 686 si
530 627 566 687 te
590 623 628 687 in
652 621 888 706 Capitolium
912 623 1015 688 faces
1038 624 1139 688 ferre
1163 624 1317 689 vellet‘l'

140 711 399 796 ‘Numquam',
430 711 549 796 inquit,
578 708 785 775 ‘voluisset
808 712 847 775 id
870 712 1036 796 quidem3
1065 713 1130 787 sed
1153 713 1185 777 si
1208 714 1317 777 volu-

139 801 251 886 isset,
280 800 521 883 paruissem'.
567 799 708 886 Videtis,
732 822 829 886 quam
852 800 975 864 nefaria
996 802 1072 864 vox!
1118 799 1162 864 Et
1185 800 1315 866 hercule

139 889 185 952 ita
209 888 286 952 fecit
308 888 361 951 vel
382 888 456 972 plus
479 888 591 973 etiam,
615 910 712 973 quam
735 888 830 973 dixit3
858 911 924 952 non
948 889 1033 953 enim
1056 889 1165 973 paruit
1188 888 1243 953 ille
1267 890 1314 953 Ti.

140 975 278 1041 Gracchi
301 977 484 1061 temeritati,
504 977 565 1040 sed
586 977 736 1061 praefuit,
759 998 818 1041 neo
842 998 876 1040 se
899 977 1050 1041 comitem
1073 977 1162 1040 illius
1185 978 1314 1062 furoris,

140 1065 196 1128 sed
219 1065 332 1128 ducem
354 1065 511 1149 praebuit.
557 1063 671 1148 Itaque
694 1064 755 1129 hac
779 1064 919 1129 amentia
938 1065 1125 1150 quaestione
1143 1086 1227 1129 nova
1244 1088 1314 1150 per-

139 1152 271 1217 territus
299 1153 333 1216 in
360 1151 474 1217 Asiam
501 1153 660 1238 profugit,
689 1154 730 1217 ad
752 1153 862 1217 hostes
886 1175 919 1216 se
943 1153 1094 1237 contulit,
1124 1175 1244 1237 poenas
1267 1155 1314 1218 rei

137 1240 285 1325 publicae
308 1261 421 1326 graves
444 1242 611 1325 iustasque
632 1241 797 1325 persolvit.
842 1240 943 1305 Nulla
962 1245 1011 1306 est
1029 1241 1130 1326 igitur
1149 1244 1317 1306 excusatio

137 1329 274 1414 peccati,
303 1329 331 1393 si
354 1329 449 1393 amici
473 1351 575 1395 causa·
590 1330 787 1414 peccaveris3
816 1352 891 1394 nam
915 1352 988 1394 cum
1012 1329 1213 1394 conciliatrix
1237 1331 1314 1394 ami-

138 1418 233 1482 citiae
255 1417 386 1482 virtutis
410 1418 520 1501 opinio
544 1419 651 1504 hrerit,
675 1419 806 1483 difficile
825 1423 873 1483 est
893 1418 1069 1482 amicitiam
1087 1440 1224 1503 manere,
1249 1420 1276 1482 si
1296 1442 1314 1483 a

139 1506 260 1571 virtute
284 1507 445 1571 defeceris.

228 1592 286 1660 38.
310 1593 432 1679 Quodsi
451 1599 574 1658 rectum
594 1595 802 1660 statuerimus
821 1593 872 1659 vel
892 1594 1063 1659 concedere
1082 1595 1203 1679 amicis,
1223 1594 1314 1679 quid-

139 1682 217 1766 quid
243 1682 358 1766 velint,
386 1683 438 1747 vel
465 1683 637 1766 impetrare
665 1683 705 1747 ab
734 1683 787 1767 iis,
816 1683 973 1767 quidquid
995 1682 1145 1766 velimus,
1171 1684 1316 1766 perfecta

139 1771 268 1854 quidem
292 1771 449 1854 sapientia
472 1771 500 1833 si
524 1771 633 1856 simus,
655 1770 738 1834 nihil
760 1771 878 1834 habeat
897 1792 947 1834 res
965 1770 1051 1855 vitii3
1075 1771 1131 1834 sed
1148 1770 1314 1854 loquimur

138 1859 177 1923 de
196 1858 235 1922 iis
255 1859 375 1943 amicis,
399 1859 455 1943 qui
474 1864 548 1923 ante
567 1859 677 1924 oculos
696 1864 780 1944 suut,
804 1880 885 1943 quos
903 1855 1043 1923 iridimus
1063 1862 1119 1922 aut
1139 1858 1176 1922 de
1195 1859 1313 1943 quibus

127 1947 293 2013 memoria
312 1948 501 2033 accepimus,
520 1969 601 2032 quos
619 1948 711 2013 novit
730 1948 798 2012 vita
817 1947 1005 2011 communis.
1037 1946 1088 2011 llx
1103 1946 1164 2011 hoc
1178 1969 1313 2011 numero

137 2035 230 2099 nobis
250 2037 406 2120 exempla.
415 2037 568 2101 sumenda
587 2040 671 2122 sunt,
695 2041 726 2100 et
745 2047 855 2100 eorum
874 2036 1003 2119 quidem
1022 2035 1170 2120 maxime,
1194 2036 1249 2120 qui
1273 2036 1314 2099 ad

139 2124 329 2207 sapientiam
351 2145 508 2208 proxume
532 2125 694 2189 accedunt.
734 2123 791 2189 39.
819 2124 975 2188 Videmus
994 2124 1119 2207 Papum
1136 2121 1314 2187 Aemilium

178 2297 337 2352 Etiamue
356 2314 393 2353 sc.
412 2299 461 2352 hoe
474 2297 608 2366 putares?
790 2303 913 2351 rectum
930 2303 1080 2351 statuere
1100 2295 1156 2348 ‘fiir
1173 2296 1253 2349 recht
1271 2312 1312 2350 er-

174 2394 270 2459 puam
292 2377 699 2458 uefariapoasc.estod.
754 2367 873 2420 kl’tren'·
1074 2438 1078 2449 ι
1147 2439 1153 2449 ,
1234 2436 1240 2446 ἱ
1289 2437 1295 2446 .

139 2448 205 2514 fuet,
224 2447 284 2501 also
296 2447 415 2529 ,Ausruf
434 2448 515 2502 maht
532 2449 622 2518 Frage
641 2448 700 2501 und
776 2439 940 2519 ,pe-ritem
953 2469 987 2477 -
1002 2444 1188 2506 sapientia,
1205 2452 1313 2491 mesre

138 2518 325 2589 unabhangrg
342 2536 396 2573 von
419 2520 558 2574 Vicera.
587 2519 699 2573 ubenso
755 2508 801 2562 che
821 2507 932 2592 ,Stcker
949 2506 1100 2591 fordeum,
1118 2507 1174 2577 vel·
1193 2513 1208 2587 ,s
1229 2513 1269 2561 18·

138 2595 153 2654 ἓ
173 2595 206 2645 96
226 2591 377 2645 videbatur.
789 2577 1311 2633 ushal—artae‘mehtsSohhmmes’.

174 2669 701 2736 illiusfuroris,au§30aimutis
790 2666 869 2729 22οξ
904 2651 998 2704 ⁷2⁰1>st
1031 2651 1102 2703 viia
1134 2649 1314 2702 eommunis

138 2739 204 2792 eius,
754 2719 823 2773 fafst
840 2720 885 2772 dre
900 2718 1005 2773 sochen
1018 2720 1179 2787 genannten
1193 2716 1313 2770 Klassen

174 2819 264 2873 dixi,
282 2835 320 2873 30·
339 2835 367 2875 ,e
385 2819 525 2885 smmum
543 2819 636 2885 fuisse.
754 2807 808 2844 von
825 2789 973 2870 l'reunden
995 2804 1167 2855 zusammen,
1189 2786 1314 2869 ndmlich

755 2863 863 2914 erstens
890 2860 950 2926 dre,
978 2857 1084 2912 welche
1111 2858 1198 2911 noch
1222 2861 1314 2927 Jetat

173 2914 261 2952 aava
276 2925 309 2944 =
324 2899 557 3005 cumulame-
689 2976 698 3002 ‚
753 2930 850 2999 recen,
875 2947 905 2984 so
929 2929 991 2983 aas
1009 2928 1061 2982 wir
1079 2928 1120 2982 ue
1137 2927 1247 2998 taslich
1265 2945 1317 2982 va.-

173 2978 234 3032 hae
252 2983 401 3032 amentia
431 2976 616 3069 b01US⁰l⁰her
635 3019 640 3030 ·
658 3020 685 3031 ··
753 3002 854 3072 Augen
869 3000 963 3055 haben
978 3001 1036 3070 (qui
1050 3007 1113 3054 aute
1126 3001 1217 3055 oculos
1230 3002 1316 3068 suut),

170 3058 561 3139 pomae-persoluetur
574 3055 700 3137 mulste
754 3071 886 3127 zweitens
906 3071 960 3139 die,
981 3070 1087 3124 welche
1105 3071 1191 3124 noch
1210 3088 1244 3123 zu
1262 3088 1314 3123 un·

137 3128 184 3207 fiir
207 3145 266 3182 *⁶111
289 3128 438 3197 Vflrssehess
461 3145 507 3181 ³¹11
526 3127 624 3183 staffile
645 3129 699 3180 mli
753 3159 829 3197 serer
852 3142 914 3197 Zeit
936 3145 1013 3212 (quos
1031 3143 1160 3211 uidimus)
1180 3142 1247 3195 oder
1266 3157 1315 3193 zur

143 3199 286 3266 schwercr,
310 3199 390 3252 aber
409 3202 481 3268 (que,
501 3216 535 3251 au
553 3204 568 3264 ἓ
588 3200 632 3267 18)
651 3213 698 3267 80·
753 3213 816 3268 Zeit
828 3229 943 3266 unserer
956 3212 1145 3267 Vorfahren
1159 3213 1201 3281 (de
1216 3212 1315 3280 quibus

139 3269 250 3322 rechter
269 3269 361 3324 Strafe
379 3269 500 3322 bfissen'-
538 3267 596 3321 Das
609 3269 700 3336 Asin·
753 3285 883 3338 memoria
902 3285 1063 3351 accepimus)
1077 3282 1174 3351 gelebt
1190 3281 1312 3336 haben.

139 3339 225 3422 ‘10th
236 3337 367 3420 Wflldl‘i,
377 3371 413 3379 -·
426 3356 453 3393 ⁸0
462 3340 577 3419 Mulli
591 3369 626 3419 ,-
636 3354 688 3419 1)θῖ
688 3368 699 3378 ·
789 3355 843 3407 Ea
859 3356 918 3408 hoc
931 3369 1065 3407 uumero
1076 3380 1109 3397 =
1120 3369 1153 3406 eu
1165 3353 1263 3405 borum
1276 3368 1315 3417 u„

138 3411 218 3465 soluit
242 3410 315 3464 malt
339 3411 385 3463 dre
410 3408 626 3479 Schnellrghert,
648 3410 701 3462 rmt
754 3443 788 3477 zu
806 3431 822 3490 ς
841 3431 856 3477 3
876 3441 935 3478 eam
952 3425 1120 3477 mentionem,

140 3481 189 3534 der
211 3481 254 3536 Bl.
273 3480 304 3534 in
327 3479 388 3535 §ein
406 3480 569 3535 verderben
591 3481 699 3533 rannbe.
789 3512 915 3561 eorum,
940 3510 994 3547 von
1017 3493 1139 3561 exempla
1161 3492 1254 3546 abhffin
1278 3490 1316 3561 'g-

174 3559 447 3630 Nwlla‘nichiig'·
789 3565 1079 3636 qui-accedunt.
1116 3561 1235 3616 Essind
1275 3561 1318 3616 'es

174 3640 291 3708 opimio
339 3639 509 3709 passivisch:
567 3638 700 3692 ‘Voraus-
754 3636 800 3690 die
819 3643 834 3703 ς
854 3642 886 3689 19
911 3635 1073 3689 eruthnten
1095 3635 1151 3689 ciri
1169 3634 1246 3700 boui,
1267 3634 1316 3702 qui

140 3711 278 3780 setzung'.
753 3714 912 3776 sequautur,
922 3706 1182 3775 quamtumhomiues
1188 3711 1315 3773 possuut,

175 3781 193 3851 ὅ
206 3780 256 3836 38.
298 3782 327 3835 si
341 3811 376 3821 -
389 3781 657 3835 statuerimus-
670 3781 700 3850 si
753 3775 1313 3846 maturamoptimumbeueaiaeudidueem.

139 3852 250 3906 simus.
300 3850 352 3904 Die
385 3850 483 3905 zweite
516 3849 698 3919 (speciellere)
789 3848 871 3918 539.
905 3848 1059 3901 Videmus
1076 3847 1117 3899 ‘so
1131 3844 1233 3897 wissen
1242 3843 1314 3909 wir’,

139 3921 367 4003 Bedingung(=
384 3921 440 3975 ‘fur
453 3922 508 3974 den
521 3920 593 3992 Fall,
613 3919 699 3989 dafs')
753 3918 877 3971 ntmlich
914 3934 964 3970 aus
996 3917 1060 3970 der'
1076 3916 1150 3969 noch
1181 3913 1316 3969 forthe-

138 3990 231 4047 hildet
265 3995 320 4046 mrt
355 3993 419 4046 dem
455 3991 613 4046 Nachsatze
645 3990 700 4044 ein
755 3988 946 4042 stehenden
977 3974 1200 4055 llberlieferung.
1246 3984 1317 4038 Des-

140 4061 256 4132 Ganzes,
275 4081 309 4116 uu
328 4063 463 4118 welchem
482 4061 528 4116 die
547 4065 620 4116 erste
639 4061 700 4130 (alh
754 4059 823 4114 halb
842 4060 893 4113 das
912 4060 1038 4113 Prtsens.

141 4134 278 4203 gemeine)
293 4133 462 4204 Bedingung
476 4132 518 4186 als
531 4132 699 4187 Vordersatz
793 4130 823 4200 Q.
851 4131 1018 4185 Aemilius
1049 4130 1165 4198 Papus
1197 4126 1254 4180 und
1285 4126 1312 4181 0.

161 4207 241 4260 ehtrt
254 4207 283 4275 (a
297 4228 303 4260 :
319 4206 347 4275 (b
363 4228 370 4260 ε
384 4206 427 4274 A).
457 4203 574 4258 Schiche
589 4202 636 4257 bei
651 4203 701 4256 der
756 4201 941 4256 Fabricius
951 4201 1121 4254 Lusciuus
1131 4203 1156 4267 (ξ
1167 4200 1211 4267 18)
1220 4213 1315 4250 waren

139 4221 334 4346 bberseaung
353 4275 399 4330 die
418 4274 515 4329 aweite
532 4274 702 4344 Bedingung
756 4272 883 4326 Konsuln
912 4277 962 4326 282
990 4270 1049 4324 und
1076 4276 1142 4338 278,
1176 4269 1315 4322 Censoren

140 4346 171 4402 in
189 4347 244 4400 den
262 4345 418 4416 Hauptsatr
438 4346 490 4400 ein.
757 4349 808 4398 275
827 4362 852 4398 v.
871 4342 936 4396 Chr.
1111 4422 1130 4452 ἡ
1358 4304 1372 4391 d

1089 4429 1112 4471 'b
