<?xml version="1.0" encoding="UTF-8"?>
<!DOCTYPE html PUBLIC "-//W3C//DTD XHTML 1.0 Transitional//EN"
    "http://www.w3.org/TR/xhtml1/DTD/xhtml1-transitional.dtd">
<html xmlns="http://www.w3.org/1999/xhtml" xml:lang="en" lang="en">
 <head>
  <title>
</title>
<meta http-equiv="Content-Type" content="text/html;charset=utf-8" />
  <meta name='ocr-system' content='tesseract 3.04.00' />
  <meta name='ocr-capabilities' content='ocr_page ocr_carea ocr_par ocr_line ocrx_word'/>
</head>
<body>
  <div class='ocr_page' id='page_1' title='image "./lacliusdeamicit00cicegoog_0026.png"; bbox 0 0 2910 4716; ppageno 0'>
   <div class='ocr_carea' id='block_1_1' title="bbox 521 242 1311 309">
    <p class='ocr_par' dir='ltr' id='par_1_1' title="bbox 521 242 1311 309">
     <span class='ocr_line' id='line_1_1' title="bbox 521 242 1311 309; baseline -0.004 -12"><span class='ocrx_word' id='word_1_1' title='bbox 521 242 597 298; x_wconf 81' lang='lat' dir='ltr'>eAP.</span> <span class='ocrx_word' id='word_1_2' title='bbox 616 243 737 298; x_wconf 78' lang='grc' dir='ltr'>ΙΙΙ-Ν.</span> <span class='ocrx_word' id='word_1_3' title='bbox 775 249 790 309; x_wconf 76' lang='lat' dir='ltr'>s</span> <span class='ocrx_word' id='word_1_4' title='bbox 810 248 923 297; x_wconf 77' lang='lat'>12-14.</span> <span class='ocrx_word' id='word_1_5' title='bbox 1270 244 1311 308; x_wconf 76' lang='lat'>17</span> 
     </span>
    </p>
   </div>
   <div class='ocr_carea' id='block_1_2' title="bbox 133 403 1313 759">
    <p class='ocr_par' dir='ltr' id='par_1_2' title="bbox 133 403 1313 759">
     <span class='ocr_line' id='line_1_2' title="bbox 133 403 1313 494; baseline -0.003 -21"><span class='ocrx_word' id='word_1_6' title='bbox 133 410 221 494; x_wconf 92' lang='lat' dir='ltr'>quod</span> <span class='ocrx_word' id='word_1_7' title='bbox 248 429 313 471; x_wconf 87' lang='lat' dir='ltr'>non</span> <span class='ocrx_word' id='word_1_8' title='bbox 335 407 488 471; x_wconf 77' lang='lat' dir='ltr'><strong>fecissent</strong></span> <span class='ocrx_word' id='word_1_9' title='bbox 510 405 668 489; x_wconf 87' lang='lat' dir='ltr'>profecte,</span> <span class='ocrx_word' id='word_1_10' title='bbox 697 404 725 468; x_wconf 94' lang='lat' dir='ltr'>si</span> <span class='ocrx_word' id='word_1_11' title='bbox 747 403 830 467; x_wconf 88' lang='lat' dir='ltr'>nihil</span> <span class='ocrx_word' id='word_1_12' title='bbox 853 403 894 466; x_wconf 88' lang='lat' dir='ltr'>ad</span> <span class='ocrx_word' id='word_1_13' title='bbox 916 425 970 469; x_wconf 89' lang='lat' dir='ltr'>eos</span> <span class='ocrx_word' id='word_1_14' title='bbox 993 404 1154 489; x_wconf 83' lang='lat' dir='ltr'>pertinere</span> <span class='ocrx_word' id='word_1_15' title='bbox 1177 405 1313 470; x_wconf 87' lang='lat' dir='ltr'>arbitra-</span> 
     </span>
     <span class='ocr_line' id='line_1_3' title="bbox 133 491 1312 581; baseline -0.003 -19"><span class='ocrx_word' id='word_1_16' title='bbox 133 501 255 581; x_wconf 89' lang='lat' dir='ltr'>rentur,</span> <span class='ocrx_word' id='word_1_17' title='bbox 277 496 329 560; x_wconf 84' lang='lat' dir='ltr'>uel</span> <span class='ocrx_word' id='word_1_18' title='bbox 352 517 472 579; x_wconf 90' lang='lat' dir='ltr'>eorum,</span> <span class='ocrx_word' id='word_1_19' title='bbox 496 493 552 578; x_wconf 91' lang='lat' dir='ltr'>qui</span> <span class='ocrx_word' id='word_1_20' title='bbox 575 492 609 556; x_wconf 92' lang='lat' dir='ltr'>in</span> <span class='ocrx_word' id='word_1_21' title='bbox 632 491 693 556; x_wconf 88' lang='lat' dir='ltr'>hac</span> <span class='ocrx_word' id='word_1_22' title='bbox 716 497 803 558; x_wconf 87' lang='lat' dir='ltr'>terra</span> <span class='ocrx_word' id='word_1_23' title='bbox 825 491 956 557; x_wconf 88' lang='lat' dir='ltr'>fuerunt</span> <span class='ocrx_word' id='word_1_24' title='bbox 979 515 1195 579; x_wconf 84' lang='lat' dir='ltr'>magnamque</span> <span class='ocrx_word' id='word_1_25' title='bbox 1215 492 1312 559; x_wconf 77' lang='lat' dir='ltr'>Grae·</span> 
     </span>
     <span class='ocr_line' id='line_1_4' title="bbox 133 580 1312 669; baseline -0.003 -19"><span class='ocrx_word' id='word_1_26' title='bbox 133 587 230 669; x_wconf 88' lang='lat' dir='ltr'>eiam,</span> <span class='ocrx_word' id='word_1_27' title='bbox 254 607 336 668; x_wconf 89' lang='lat' dir='ltr'>quae</span> <span class='ocrx_word' id='word_1_28' title='bbox 358 605 444 647; x_wconf 91' lang='lat' dir='ltr'>nunc</span> <span class='ocrx_word' id='word_1_29' title='bbox 467 582 596 666; x_wconf 89' lang='lat' dir='ltr'>quidem</span> <span class='ocrx_word' id='word_1_30' title='bbox 620 580 724 645; x_wconf 89' lang='lat' dir='ltr'>deleta</span> <span class='ocrx_word' id='word_1_31' title='bbox 748 585 810 664; x_wconf 89' lang='lat' dir='ltr'>est,</span> <span class='ocrx_word' id='word_1_32' title='bbox 833 584 904 644; x_wconf 92' lang='lat' dir='ltr'>tum</span> <span class='ocrx_word' id='word_1_33' title='bbox 927 581 1072 667; x_wconf 87' lang='lat' dir='ltr'>florebat,</span> <span class='ocrx_word' id='word_1_34' title='bbox 1095 582 1256 647; x_wconf 90' lang='lat' dir='ltr'>institutis</span> <span class='ocrx_word' id='word_1_35' title='bbox 1280 587 1312 647; x_wconf 91' lang='lat' dir='ltr'>et</span> 
     </span>
     <span class='ocr_line' id='line_1_5' title="bbox 134 668 1312 759; baseline -0.003 -21"><span class='ocrx_word' id='word_1_36' title='bbox 134 673 314 759; x_wconf 78' lang='lat' dir='ltr'>praeceptis</span> <span class='ocrx_word' id='word_1_37' title='bbox 352 672 418 736; x_wconf 89' lang='lat' dir='ltr'>suis</span> <span class='ocrx_word' id='word_1_38' title='bbox 456 670 654 754; x_wconf 89' lang='lat' dir='ltr'>erudierunt,</span> <span class='ocrx_word' id='word_1_39' title='bbox 686 669 738 733; x_wconf 86' lang='lat' dir='ltr'>vel</span> <span class='ocrx_word' id='word_1_40' title='bbox 774 669 856 755; x_wconf 91' lang='lat' dir='ltr'>eius,</span> <span class='ocrx_word' id='word_1_41' title='bbox 893 670 949 753; x_wconf 93' lang='lat' dir='ltr'>qui</span> <span class='ocrx_word' id='word_1_42' title='bbox 981 668 1144 754; x_wconf 84' lang='lat' dir='ltr'>Apollinis</span> <span class='ocrx_word' id='word_1_43' title='bbox 1182 671 1312 736; x_wconf 90' lang='lat' dir='ltr'>oraculo</span> 
     </span>
    </p>
   </div>
   <div class='ocr_carea' id='block_1_3' title="bbox 133 758 1314 1640">
    <p class='ocr_par' dir='ltr' id='par_1_3' title="bbox 133 758 1314 1640">
     <span class='ocr_line' id='line_1_6' title="bbox 135 758 1313 847; baseline -0.003 -21"><span class='ocrx_word' id='word_1_44' title='bbox 135 761 393 847; x_wconf 89' lang='lat' dir='ltr'>sapientissimus</span> <span class='ocrx_word' id='word_1_45' title='bbox 422 764 470 823; x_wconf 90' lang='lat' dir='ltr'>est</span> <span class='ocrx_word' id='word_1_46' title='bbox 497 758 670 842; x_wconf 88' lang='lat' dir='ltr'>iudicatus,</span> <span class='ocrx_word' id='word_1_47' title='bbox 699 758 750 823; x_wconf 91' lang='lat' dir='ltr'>eui</span> <span class='ocrx_word' id='word_1_48' title='bbox 772 780 838 823; x_wconf 90' lang='lat' dir='ltr'>non</span> <span class='ocrx_word' id='word_1_49' title='bbox 861 761 932 821; x_wconf 93' lang='lat' dir='ltr'>tum</span> <span class='ocrx_word' id='word_1_50' title='bbox 955 758 1030 843; x_wconf 93' lang='lat' dir='ltr'>hoc,</span> <span class='ocrx_word' id='word_1_51' title='bbox 1052 763 1123 823; x_wconf 94' lang='lat' dir='ltr'>tum</span> <span class='ocrx_word' id='word_1_52' title='bbox 1146 759 1240 844; x_wconf 89' lang='lat' dir='ltr'>illud,</span> <span class='ocrx_word' id='word_1_53' title='bbox 1263 759 1313 823; x_wconf 92' lang='lat' dir='ltr'>uti</span> 
     </span>
     <span class='ocr_line' id='line_1_7' title="bbox 135 846 1313 934; baseline -0.003 -20"><span class='ocrx_word' id='word_1_54' title='bbox 135 851 310 934; x_wconf 91' lang='lat' dir='ltr'>plerisque,</span> <span class='ocrx_word' id='word_1_55' title='bbox 344 848 400 912; x_wconf 92' lang='lat' dir='ltr'>sed</span> <span class='ocrx_word' id='word_1_56' title='bbox 431 847 517 911; x_wconf 90' lang='lat' dir='ltr'>idem</span> <span class='ocrx_word' id='word_1_57' title='bbox 550 868 687 930; x_wconf 81' lang='lat' dir='ltr'>semper,</span> <span class='ocrx_word' id='word_1_58' title='bbox 718 847 842 911; x_wconf 89' lang='lat' dir='ltr'>animos</span> <span class='ocrx_word' id='word_1_59' title='bbox 875 846 1043 911; x_wconf 92' lang='lat' dir='ltr'>hominum</span> <span class='ocrx_word' id='word_1_60' title='bbox 1076 869 1145 912; x_wconf 92' lang='lat' dir='ltr'>esse</span> <span class='ocrx_word' id='word_1_61' title='bbox 1178 848 1313 931; x_wconf 84' lang='lat' dir='ltr'>divinos,</span> 
     </span>
     <span class='ocr_line' id='line_1_8' title="bbox 133 934 1313 1023; baseline -0.002 -20"><span class='ocrx_word' id='word_1_62' title='bbox 133 939 249 1023; x_wconf 90' lang='lat' dir='ltr'>iisque,</span> <span class='ocrx_word' id='word_1_63' title='bbox 273 958 346 1002; x_wconf 88' lang='lat' dir='ltr'>eum</span> <span class='ocrx_word' id='word_1_64' title='bbox 369 959 408 1000; x_wconf 88' lang='lat' dir='ltr'>ex</span> <span class='ocrx_word' id='word_1_65' title='bbox 432 957 564 1020; x_wconf 88' lang='lat' dir='ltr'>corpore</span> <span class='ocrx_word' id='word_1_66' title='bbox 587 935 808 1020; x_wconf 76' lang='lat' dir='ltr'>excessissent,</span> <span class='ocrx_word' id='word_1_67' title='bbox 832 934 972 999; x_wconf 87' lang='lat' dir='ltr'>reditum</span> <span class='ocrx_word' id='word_1_68' title='bbox 994 935 1029 998; x_wconf 93' lang='lat' dir='ltr'>in</span> <span class='ocrx_word' id='word_1_69' title='bbox 1053 937 1176 1001; x_wconf 87' lang='lat' dir='ltr'>caelum</span> <span class='ocrx_word' id='word_1_70' title='bbox 1194 940 1313 1021; x_wconf 89' lang='lat' dir='ltr'>patere,</span> 
     </span>
     <span class='ocr_line' id='line_1_9' title="bbox 136 1022 1314 1112; baseline -0.003 -21"><span class='ocrx_word' id='word_1_71' title='bbox 136 1027 324 1112; x_wconf 89' lang='lat' dir='ltr'>optimoque</span> <span class='ocrx_word' id='word_1_72' title='bbox 356 1029 387 1088; x_wconf 91' lang='lat' dir='ltr'>et</span> <span class='ocrx_word' id='word_1_73' title='bbox 419 1024 598 1088; x_wconf 88' lang='lat' dir='ltr'>iustissimo</span> <span class='ocrx_word' id='word_1_74' title='bbox 631 1024 746 1108; x_wconf 91' lang='lat' dir='ltr'>cuique</span> <span class='ocrx_word' id='word_1_75' title='bbox 778 1023 1064 1108; x_wconf 84' lang='lat' dir='ltr'>expeditissimum.</span> <span class='ocrx_word' id='word_1_76' title='bbox 1126 1022 1182 1090; x_wconf 84' lang='lat'>14.</span> <span class='ocrx_word' id='word_1_77' title='bbox 1221 1023 1314 1101; x_wconf 82' lang='lat' dir='ltr'>Quod</span> 
     </span>
     <span class='ocr_line' id='line_1_10' title="bbox 135 1112 1314 1198; baseline -0.002 -20"><span class='ocrx_word' id='word_1_78' title='bbox 135 1115 221 1178; x_wconf 90' lang='lat' dir='ltr'>idem</span> <span class='ocrx_word' id='word_1_79' title='bbox 249 1113 394 1198; x_wconf 82' lang='lat' dir='ltr'>Scipioni</span> <span class='ocrx_word' id='word_1_80' title='bbox 420 1113 603 1196; x_wconf 88' lang='lat' dir='ltr'>videbatur,</span> <span class='ocrx_word' id='word_1_81' title='bbox 632 1112 688 1196; x_wconf 91' lang='lat' dir='ltr'>qui</span> <span class='ocrx_word' id='word_1_82' title='bbox 716 1112 858 1197; x_wconf 91' lang='lat' dir='ltr'>quidem,</span> <span class='ocrx_word' id='word_1_83' title='bbox 887 1113 979 1195; x_wconf 90' lang='lat' dir='ltr'>quasi</span> <span class='ocrx_word' id='word_1_84' title='bbox 1005 1114 1217 1198; x_wconf 77' lang='lat' dir='ltr'>praesagiret,</span> <span class='ocrx_word' id='word_1_85' title='bbox 1244 1135 1314 1197; x_wconf 91' lang='lat' dir='ltr'>per-</span> 
     </span>
     <span class='ocr_line' id='line_1_11' title="bbox 134 1199 1314 1287; baseline -0.002 -20"><span class='ocrx_word' id='word_1_86' title='bbox 134 1204 247 1287; x_wconf 82' lang='lat' dir='ltr'>paucis</span> <span class='ocrx_word' id='word_1_87' title='bbox 271 1207 345 1266; x_wconf 88' lang='lat' dir='ltr'>ante</span> <span class='ocrx_word' id='word_1_88' title='bbox 368 1205 506 1266; x_wconf 90' lang='lat' dir='ltr'>mortem</span> <span class='ocrx_word' id='word_1_89' title='bbox 530 1201 651 1287; x_wconf 89' lang='lat' dir='ltr'>diebus,</span> <span class='ocrx_word' id='word_1_90' title='bbox 674 1221 747 1265; x_wconf 92' lang='lat' dir='ltr'>cum</span> <span class='ocrx_word' id='word_1_91' title='bbox 771 1205 803 1265; x_wconf 91' lang='lat' dir='ltr'>et</span> <span class='ocrx_word' id='word_1_92' title='bbox 821 1199 935 1265; x_wconf 91' lang='lat' dir='ltr'>Philus</span> <span class='ocrx_word' id='word_1_93' title='bbox 959 1205 991 1265; x_wconf 91' lang='lat' dir='ltr'>et</span> <span class='ocrx_word' id='word_1_94' title='bbox 1009 1200 1163 1268; x_wconf 84' lang='lat' dir='ltr'>Manilius</span> <span class='ocrx_word' id='word_1_95' title='bbox 1187 1202 1314 1266; x_wconf 88' lang='lat' dir='ltr'>adesset</span> 
     </span>
     <span class='ocr_line' id='line_1_12' title="bbox 135 1287 1313 1376; baseline -0.002 -20"><span class='ocrx_word' id='word_1_96' title='bbox 135 1296 169 1356; x_wconf 91' lang='lat' dir='ltr'>et</span> <span class='ocrx_word' id='word_1_97' title='bbox 192 1291 247 1355; x_wconf 88' lang='lat' dir='ltr'>alii</span> <span class='ocrx_word' id='word_1_98' title='bbox 269 1290 388 1376; x_wconf 89' lang='lat' dir='ltr'>plures,</span> <span class='ocrx_word' id='word_1_99' title='bbox 411 1296 511 1375; x_wconf 90' lang='lat' dir='ltr'>tuque</span> <span class='ocrx_word' id='word_1_100' title='bbox 533 1291 639 1374; x_wconf 88' lang='lat' dir='ltr'>etiam,</span> <span class='ocrx_word' id='word_1_101' title='bbox 664 1287 826 1374; x_wconf 88' lang='lat' dir='ltr'>Scaevola,</span> <span class='ocrx_word' id='word_1_102' title='bbox 848 1311 975 1354; x_wconf 93' lang='lat' dir='ltr'>mecum</span> <span class='ocrx_word' id='word_1_103' title='bbox 996 1290 1146 1374; x_wconf 77' lang='lat' dir='ltr'>venisses,</span> <span class='ocrx_word' id='word_1_104' title='bbox 1168 1290 1313 1355; x_wconf 91' lang='lat' dir='ltr'>triduum</span> 
     </span>
     <span class='ocr_line' id='line_1_13' title="bbox 136 1378 1314 1464; baseline -0.001 -21"><span class='ocrx_word' id='word_1_105' title='bbox 136 1379 288 1444; x_wconf 81' lang='lat' dir='ltr'>disseruit</span> <span class='ocrx_word' id='word_1_106' title='bbox 311 1380 350 1443; x_wconf 91' lang='lat' dir='ltr'>de</span> <span class='ocrx_word' id='word_1_107' title='bbox 372 1400 406 1442; x_wconf 90' lang='lat' dir='ltr'>re</span> <span class='ocrx_word' id='word_1_108' title='bbox 428 1379 571 1464; x_wconf 69' lang='lat' dir='ltr'>publica,</span> <span class='ocrx_word' id='word_1_109' title='bbox 595 1379 686 1444; x_wconf 94' lang='lat' dir='ltr'>cuius</span> <span class='ocrx_word' id='word_1_110' title='bbox 710 1378 939 1463; x_wconf 77' lang='lat' dir='ltr'>disputationis</span> <span class='ocrx_word' id='word_1_111' title='bbox 962 1378 1026 1443; x_wconf 88' lang='lat' dir='ltr'>fuit</span> <span class='ocrx_word' id='word_1_112' title='bbox 1049 1383 1228 1444; x_wconf 84' lang='lat' dir='ltr'>extremum</span> <span class='ocrx_word' id='word_1_113' title='bbox 1247 1379 1314 1443; x_wconf 88' lang='lat' dir='ltr'>fere</span> 
     </span>
     <span class='ocr_line' id='line_1_14' title="bbox 135 1467 1313 1552; baseline -0.001 -20"><span class='ocrx_word' id='word_1_114' title='bbox 135 1469 175 1532; x_wconf 94' lang='lat' dir='ltr'>de</span> <span class='ocrx_word' id='word_1_115' title='bbox 201 1467 445 1533; x_wconf 82' lang='lat' dir='ltr'>immortalitate</span> <span class='ocrx_word' id='word_1_116' title='bbox 473 1467 667 1550; x_wconf 86' lang='lat' dir='ltr'>animorum,</span> <span class='ocrx_word' id='word_1_117' title='bbox 698 1488 780 1550; x_wconf 88' lang='lat' dir='ltr'>quae</span> <span class='ocrx_word' id='word_1_118' title='bbox 808 1489 841 1531; x_wconf 92' lang='lat' dir='ltr'>se</span> <span class='ocrx_word' id='word_1_119' title='bbox 869 1467 904 1530; x_wconf 91' lang='lat' dir='ltr'>in</span> <span class='ocrx_word' id='word_1_120' title='bbox 931 1467 1040 1550; x_wconf 91' lang='lat' dir='ltr'>quiete</span> <span class='ocrx_word' id='word_1_121' title='bbox 1062 1490 1121 1552; x_wconf 89' lang='lat' dir='ltr'>per</span> <span class='ocrx_word' id='word_1_122' title='bbox 1143 1467 1250 1532; x_wconf 84' lang='lat' dir='ltr'>visum</span> <span class='ocrx_word' id='word_1_123' title='bbox 1274 1489 1313 1531; x_wconf 85' lang='lat' dir='ltr'>ex</span> 
     </span>
     <span class='ocr_line' id='line_1_15' title="bbox 133 1554 1312 1640; baseline -0.001 -20"><span class='ocrx_word' id='word_1_124' title='bbox 133 1555 288 1622; x_wconf 81' lang='lat' dir='ltr'>Africano</span> <span class='ocrx_word' id='word_1_125' title='bbox 315 1556 442 1620; x_wconf 88' lang='lat' dir='ltr'>audisse</span> <span class='ocrx_word' id='word_1_126' title='bbox 471 1555 605 1621; x_wconf 85' lang='lat' dir='ltr'>dicebat.</span> <span class='ocrx_word' id='word_1_127' title='bbox 650 1554 689 1620; x_wconf 89' lang='lat' dir='ltr'>ld</span> <span class='ocrx_word' id='word_1_128' title='bbox 716 1556 744 1618; x_wconf 89' lang='lat' dir='ltr'>si</span> <span class='ocrx_word' id='word_1_129' title='bbox 771 1556 817 1619; x_wconf 88' lang='lat' dir='ltr'>ita</span> <span class='ocrx_word' id='word_1_130' title='bbox 844 1559 907 1640; x_wconf 90' lang='lat' dir='ltr'>est,</span> <span class='ocrx_word' id='word_1_131' title='bbox 936 1559 974 1618; x_wconf 92' lang='lat' dir='ltr'>ut</span> <span class='ocrx_word' id='word_1_132' title='bbox 1002 1556 1129 1639; x_wconf 89' lang='lat' dir='ltr'>optumi</span> <span class='ocrx_word' id='word_1_133' title='bbox 1156 1556 1312 1639; x_wconf 89' lang='lat' dir='ltr'>cuiusque</span> 
     </span>
    </p>
   </div>
   <div class='ocr_carea' id='block_1_4' title="bbox 135 1780 1445 4464">
    <p class='ocr_par' dir='ltr' id='par_1_4' title="bbox 135 1780 1316 2204">
     <span class='ocr_line' id='line_1_16' title="bbox 172 1780 1314 1847; baseline -0.002 -9"><span class='ocrx_word' id='word_1_134' title='bbox 172 1785 202 1838; x_wconf 83' lang='lat' dir='ltr'>si</span> <span class='ocrx_word' id='word_1_135' title='bbox 220 1814 253 1822; x_wconf 95' lang='lat'><em>-</em></span> <span class='ocrx_word' id='word_1_136' title='bbox 273 1784 541 1847; x_wconf 80' lang='lat' dir='ltr'>arbitrarentur,</span> <span class='ocrx_word' id='word_1_137' title='bbox 568 1782 618 1835; x_wconf 85' lang='lat' dir='ltr'>das</span> <span class='ocrx_word' id='word_1_138' title='bbox 644 1781 698 1835; x_wconf 89' lang='lat' dir='ltr'>lm·</span> <span class='ocrx_word' id='word_1_139' title='bbox 751 1780 889 1834; x_wconf 88' lang='lat' dir='ltr'>letzteren</span> <span class='ocrx_word' id='word_1_140' title='bbox 911 1780 974 1834; x_wconf 90' lang='lat' dir='ltr'>eine</span> <span class='ocrx_word' id='word_1_141' title='bbox 998 1780 1127 1836; x_wconf 88' lang='lat' dir='ltr'>absolute</span> <span class='ocrx_word' id='word_1_142' title='bbox 1147 1780 1314 1836; x_wconf 81' lang='lat' dir='ltr'>Gewilsheit</span> 
     </span>
     <span class='ocr_line' id='line_1_17' title="bbox 136 1851 1314 1923; baseline -0.002 -15"><span class='ocrx_word' id='word_1_143' title='bbox 136 1853 296 1923; x_wconf 83' lang='lat' dir='ltr'>perfektum</span> <span class='ocrx_word' id='word_1_144' title='bbox 332 1871 381 1906; x_wconf 85' lang='lat' dir='ltr'>zur</span> <span class='ocrx_word' id='word_1_145' title='bbox 416 1851 614 1922; x_wconf 85' lang='lat' dir='ltr'>Bezeichnung</span> <span class='ocrx_word' id='word_1_146' title='bbox 649 1853 699 1906; x_wconf 88' lang='lat' dir='ltr'>der</span> <span class='ocrx_word' id='word_1_147' title='bbox 751 1851 904 1920; x_wconf 82' lang='lat' dir='ltr'>leugneten</span> <span class='ocrx_word' id='word_1_148' title='bbox 936 1851 995 1905; x_wconf 90' lang='lat' dir='ltr'>und</span> <span class='ocrx_word' id='word_1_149' title='bbox 1022 1869 1076 1906; x_wconf 88' lang='lat' dir='ltr'>nur</span> <span class='ocrx_word' id='word_1_150' title='bbox 1107 1851 1170 1906; x_wconf 90' lang='lat' dir='ltr'>eine</span> <span class='ocrx_word' id='word_1_151' title='bbox 1198 1852 1314 1906; x_wconf 89' lang='lat' dir='ltr'>Wahr·</span> 
     </span>
     <span class='ocr_line' id='line_1_18' title="bbox 135 1921 1213 1994; baseline 0.001 -18"><span class='ocrx_word' id='word_1_152' title='bbox 135 1922 353 1994; x_wconf 80' lang='lat' dir='ltr'>gleichzeitigen</span> <span class='ocrx_word' id='word_1_153' title='bbox 379 1922 473 1977; x_wconf 90' lang='lat' dir='ltr'>Dauer</span> <span class='ocrx_word' id='word_1_154' title='bbox 501 1923 550 1976; x_wconf 90' lang='lat' dir='ltr'>des</span> <span class='ocrx_word' id='word_1_155' title='bbox 580 1923 698 1979; x_wconf 82' lang='lat' dir='ltr'>tribuere</span> <span class='ocrx_word' id='word_1_156' title='bbox 752 1921 1028 1977; x_wconf 85' lang='lat' dir='ltr'>scheinliahkeit</span> <span class='ocrx_word' id='word_1_157' title='bbox 1048 1924 1213 1978; x_wconf 88' lang='lat' dir='ltr'>annahmen.</span> 
     </span>
     <span class='ocr_line' id='line_1_19' title="bbox 136 1993 1314 2064; baseline -0.002 -15"><span class='ocrx_word' id='word_1_158' title='bbox 136 1995 194 2049; x_wconf 90' lang='lat' dir='ltr'>und</span> <span class='ocrx_word' id='word_1_159' title='bbox 208 1996 343 2050; x_wconf 82' lang='lat' dir='ltr'>arbitrari</span> <span class='ocrx_word' id='word_1_160' title='bbox 356 1996 400 2064; x_wconf 90' lang='lat'>(=</span> <span class='ocrx_word' id='word_1_161' title='bbox 412 1993 521 2048; x_wconf 87' lang='lat' dir='ltr'>damals</span> <span class='ocrx_word' id='word_1_162' title='bbox 537 1993 578 2048; x_wconf 88' lang='lat' dir='ltr'>als</span> <span class='ocrx_word' id='word_1_163' title='bbox 593 1993 634 2048; x_wconf 88' lang='lat' dir='ltr'>sie</span> <span class='ocrx_word' id='word_1_164' title='bbox 651 1993 697 2048; x_wconf 88' lang='lat' dir='ltr'>die</span> <span class='ocrx_word' id='word_1_165' title='bbox 788 1994 917 2048; x_wconf 83' lang='lat' dir='ltr'>animos</span> <span class='ocrx_word' id='word_1_166' title='bbox 931 1993 957 2047; x_wconf 87' lang='lat' dir='ltr'>ff.</span> <span class='ocrx_word' id='word_1_167' title='bbox 996 1993 1049 2048; x_wconf 89' lang='lat' dir='ltr'>Die</span> <span class='ocrx_word' id='word_1_168' title='bbox 1062 1994 1187 2048; x_wconf 86' lang='lat' dir='ltr'>Beweise</span> <span class='ocrx_word' id='word_1_169' title='bbox 1206 1993 1251 2047; x_wconf 70' lang='lat' dir='ltr'>fiir</span> <span class='ocrx_word' id='word_1_170' title='bbox 1268 1994 1314 2048; x_wconf 89' lang='lat' dir='ltr'>die</span> 
     </span>
     <span class='ocr_line' id='line_1_20' title="bbox 135 2063 1316 2135; baseline -0.001 -16"><span class='ocrx_word' id='word_1_171' title='bbox 135 2068 202 2120; x_wconf 87' lang='lat' dir='ltr'>iura</span> <span class='ocrx_word' id='word_1_172' title='bbox 216 2065 341 2134; x_wconf 87' lang='lat' dir='ltr'>sehnfen,</span> <span class='ocrx_word' id='word_1_173' title='bbox 360 2065 483 2119; x_wconf 88' lang='lat' dir='ltr'>daehten</span> <span class='ocrx_word' id='word_1_174' title='bbox 498 2063 538 2118; x_wconf 90' lang='lat' dir='ltr'>sie</span> <span class='ocrx_word' id='word_1_175' title='bbox 554 2107 559 2118; x_wconf 92' lang='lat'><strong><em>.</em></strong></span> <span class='ocrx_word' id='word_1_176' title='bbox 576 2107 581 2118; x_wconf 89' lang='lat'><em>.</em></span> <span class='ocrx_word' id='word_1_177' title='bbox 598 2067 623 2134; x_wconf 89' lang='lat'>.),</span> <span class='ocrx_word' id='word_1_178' title='bbox 641 2064 696 2135; x_wconf 85' lang='lat' dir='ltr'>vgl.</span> <span class='ocrx_word' id='word_1_179' title='bbox 751 2063 1057 2118; x_wconf 83' lang='lat' dir='ltr'>Unsterbliahkeit</span> <span class='ocrx_word' id='word_1_180' title='bbox 1073 2063 1210 2118; x_wconf 83' lang='lat' dir='ltr'>derSeele</span> <span class='ocrx_word' id='word_1_181' title='bbox 1221 2064 1316 2118; x_wconf 85' lang='lat' dir='ltr'>finden</span> 
     </span>
     <span class='ocr_line' id='line_1_21' title="bbox 136 2133 1315 2204; baseline -0.002 -14"><span class='ocrx_word' id='word_1_182' title='bbox 136 2136 207 2190; x_wconf 83' lang='lat' dir='ltr'>Cato</span> <span class='ocrx_word' id='word_1_183' title='bbox 225 2154 261 2190; x_wconf 92' lang='lat' dir='ltr'>m.</span> <span class='ocrx_word' id='word_1_184' title='bbox 282 2141 315 2188; x_wconf 79' lang='lat'>82</span> <span class='ocrx_word' id='word_1_185' title='bbox 334 2136 391 2190; x_wconf 80' lang='lat' dir='ltr'>nisi</span> <span class='ocrx_word' id='word_1_186' title='bbox 409 2137 502 2190; x_wconf 82' lang='lat' dir='ltr'>aninro</span> <span class='ocrx_word' id='word_1_187' title='bbox 519 2142 665 2191; x_wconf 85' lang='lat' dir='ltr'>cernerent.</span> <span class='ocrx_word' id='word_1_188' title='bbox 752 2134 812 2188; x_wconf 86' lang='lat' dir='ltr'>sich</span> <span class='ocrx_word' id='word_1_189' title='bbox 826 2134 895 2187; x_wconf 87' lang='lat' dir='ltr'>kurz</span> <span class='ocrx_word' id='word_1_190' title='bbox 909 2135 1188 2204; x_wconf 85' lang='lat' dir='ltr'>zusammengestcllt</span> <span class='ocrx_word' id='word_1_191' title='bbox 1203 2133 1262 2190; x_wconf 83' lang='lat' dir='ltr'>(lat.</span> <span class='ocrx_word' id='word_1_192' title='bbox 1278 2153 1315 2188; x_wconf 94' lang='lat' dir='ltr'>m.</span> 
     </span>
    </p>

    <p class='ocr_par' dir='ltr' id='par_1_5' title="bbox 136 2203 1317 2840">
     <span class='ocr_line' id='line_1_22' title="bbox 172 2203 855 2273; baseline -0.001 -14"><span class='ocrx_word' id='word_1_193' title='bbox 172 2207 264 2259; x_wconf 78' lang='lat' dir='ltr'>nihil</span> <span class='ocrx_word' id='word_1_194' title='bbox 289 2207 331 2259; x_wconf 87' lang='lat' dir='ltr'>ad</span> <span class='ocrx_word' id='word_1_195' title='bbox 356 2220 408 2260; x_wconf 84' lang='lat' dir='ltr'>eas</span> <span class='ocrx_word' id='word_1_196' title='bbox 427 2206 598 2273; x_wconf 81' lang='lat' dir='ltr'>pertinere</span> <span class='ocrx_word' id='word_1_197' title='bbox 625 2205 698 2258; x_wconf 79' lang='lat' dir='ltr'>‘dale</span> <span class='ocrx_word' id='word_1_198' title='bbox 753 2209 817 2270; x_wconf 73' lang='lat' dir='ltr'>§rt</span> <span class='ocrx_word' id='word_1_199' title='bbox 827 2203 855 2258; x_wconf 86' lang='lat' dir='ltr'>ff.</span> 
     </span>
     <span class='ocr_line' id='line_1_23' title="bbox 136 2273 1316 2346; baseline 0 -17"><span class='ocrx_word' id='word_1_200' title='bbox 136 2275 229 2330; x_wconf 89' lang='lat' dir='ltr'>niehts</span> <span class='ocrx_word' id='word_1_201' title='bbox 244 2275 285 2329; x_wconf 88' lang='lat' dir='ltr'>sie</span> <span class='ocrx_word' id='word_1_202' title='bbox 298 2275 440 2342; x_wconf 80' lang='lat' dir='ltr'>berdhre&#39;,</span> <span class='ocrx_word' id='word_1_203' title='bbox 455 2291 484 2329; x_wconf 90' lang='lat' dir='ltr'>es</span> <span class='ocrx_word' id='word_1_204' title='bbox 498 2274 585 2329; x_wconf 89' lang='lat' dir='ltr'>ihnen</span> <span class='ocrx_word' id='word_1_205' title='bbox 593 2274 699 2346; x_wconf 84' lang='lat' dir='ltr'>gleich·</span> <span class='ocrx_word' id='word_1_206' title='bbox 788 2290 938 2343; x_wconf 82' lang='lat' dir='ltr'>corpere,</span> <span class='ocrx_word' id='word_1_207' title='bbox 962 2274 1011 2327; x_wconf 86' lang='lat' dir='ltr'>der</span> <span class='ocrx_word' id='word_1_208' title='bbox 1035 2273 1199 2345; x_wconf 82' lang='lat' dir='ltr'>Singular</span> <span class='ocrx_word' id='word_1_209' title='bbox 1223 2276 1316 2330; x_wconf 85' lang='lat' dir='ltr'>neben</span> 
     </span>
     <span class='ocr_line' id='line_1_24' title="bbox 136 2343 1316 2416; baseline 0.001 -17"><span class='ocrx_word' id='word_1_210' title='bbox 136 2346 231 2416; x_wconf 76' lang='lat' dir='ltr'>gtiltig</span> <span class='ocrx_word' id='word_1_211' title='bbox 249 2345 297 2400; x_wconf 90' lang='lat' dir='ltr'>sei.</span> <span class='ocrx_word' id='word_1_212' title='bbox 335 2346 458 2401; x_wconf 77' lang='lat' dir='ltr'>Pertinet</span> <span class='ocrx_word' id='word_1_213' title='bbox 473 2347 582 2416; x_wconf 76' lang='lat' dir='ltr'>aliquid</span> <span class='ocrx_word' id='word_1_214' title='bbox 596 2348 633 2400; x_wconf 89' lang='lat' dir='ltr'>ad</span> <span class='ocrx_word' id='word_1_215' title='bbox 647 2347 700 2401; x_wconf 87' lang='lat' dir='ltr'>ali·</span> <span class='ocrx_word' id='word_1_216' title='bbox 752 2346 874 2411; x_wconf 82' lang='lat' dir='ltr'>animos,</span> <span class='ocrx_word' id='word_1_217' title='bbox 906 2343 971 2398; x_wconf 87' lang='lat' dir='ltr'>weil</span> <span class='ocrx_word' id='word_1_218' title='bbox 1002 2360 1101 2414; x_wconf 79' lang='lat' dir='ltr'>corpus</span> <span class='ocrx_word' id='word_1_219' title='bbox 1138 2346 1316 2400; x_wconf 87' lang='lat' dir='ltr'>abstrakt</span> 
     </span>
     <span class='ocr_line' id='line_1_25' title="bbox 136 2414 1315 2487; baseline 0 -16"><span class='ocrx_word' id='word_1_220' title='bbox 136 2434 216 2487; x_wconf 77' lang='lat' dir='ltr'>quem</span> <span class='ocrx_word' id='word_1_221' title='bbox 240 2416 327 2471; x_wconf 86' lang='lat' dir='ltr'>heilst</span> <span class='ocrx_word' id='word_1_222' title='bbox 351 2417 569 2471; x_wconf 88' lang='lat' dir='ltr'>untereinander</span> <span class='ocrx_word' id='word_1_223' title='bbox 594 2417 624 2470; x_wconf 90' lang='lat' dir='ltr'>in</span> <span class='ocrx_word' id='word_1_224' title='bbox 647 2417 699 2470; x_wconf 91' lang='lat' dir='ltr'>Be·</span> <span class='ocrx_word' id='word_1_225' title='bbox 764 2443 798 2462; x_wconf 94' lang='lat'>=</span> <span class='ocrx_word' id='word_1_226' title='bbox 812 2414 1049 2485; x_wconf 79' lang='lat' dir='ltr'>Ktrperliahlreit)</span> <span class='ocrx_word' id='word_1_227' title='bbox 1079 2434 1114 2470; x_wconf 83' lang='lat' dir='ltr'>zu</span> <span class='ocrx_word' id='word_1_228' title='bbox 1142 2417 1236 2471; x_wconf 87' lang='lat' dir='ltr'>fassen</span> <span class='ocrx_word' id='word_1_229' title='bbox 1268 2416 1315 2472; x_wconf 87' lang='lat' dir='ltr'>ist.</span> 
     </span>
     <span class='ocr_line' id='line_1_26' title="bbox 136 2487 1317 2558; baseline 0.002 -17"><span class='ocrx_word' id='word_1_230' title='bbox 136 2488 264 2558; x_wconf 79' lang='lat' dir='ltr'>rtihrung</span> <span class='ocrx_word' id='word_1_231' title='bbox 295 2489 394 2542; x_wconf 86' lang='lat' dir='ltr'>stehen</span> <span class='ocrx_word' id='word_1_232' title='bbox 412 2515 446 2534; x_wconf 97' lang='lat'>=</span> <span class='ocrx_word' id='word_1_233' title='bbox 465 2489 612 2558; x_wconf 72' lang='lat' dir='ltr'>utrinam,</span> <span class='ocrx_word' id='word_1_234' title='bbox 644 2487 699 2543; x_wconf 87' lang='lat' dir='ltr'>wie</span> <span class='ocrx_word' id='word_1_235' title='bbox 779 2502 888 2557; x_wconf 82' lang='lat' dir='ltr'>agegen</span> <span class='ocrx_word' id='word_1_236' title='bbox 906 2487 982 2541; x_wconf 86' lang='lat' dir='ltr'>steht</span> <span class='ocrx_word' id='word_1_237' title='bbox 1000 2487 1074 2542; x_wconf 87' lang='lat' dir='ltr'>oben</span> <span class='ocrx_word' id='word_1_238' title='bbox 1092 2489 1317 2558; x_wconf 79' lang='lat' dir='ltr'>euncorpori·</span> 
     </span>
     <span class='ocr_line' id='line_1_27' title="bbox 136 2559 997 2628; baseline 0.001 -16"><span class='ocrx_word' id='word_1_239' title='bbox 136 2565 152 2624; x_wconf 60' lang='grc' dir='ltr'><strong>ᾗ</strong></span> <span class='ocrx_word' id='word_1_240' title='bbox 171 2564 204 2612; x_wconf 81' lang='grc'>65</span> <span class='ocrx_word' id='word_1_241' title='bbox 224 2575 293 2628; x_wconf 74' lang='lat' dir='ltr'>quae</span> <span class='ocrx_word' id='word_1_242' title='bbox 316 2559 409 2613; x_wconf 88' lang='lat' dir='ltr'>omnia</span> <span class='ocrx_word' id='word_1_243' title='bbox 423 2560 562 2628; x_wconf 71' lang='lat' dir='ltr'>partirent</span> <span class='ocrx_word' id='word_1_244' title='bbox 578 2560 616 2614; x_wconf 80' lang='lat' dir='ltr'>ad</span> <span class='ocrx_word' id='word_1_245' title='bbox 633 2560 699 2626; x_wconf 71' lang='lat' dir='ltr'>fide-</span> <span class='ocrx_word' id='word_1_246' title='bbox 753 2560 811 2613; x_wconf 83' lang='lat' dir='ltr'>bus</span> <span class='ocrx_word' id='word_1_247' title='bbox 830 2590 864 2598; x_wconf 95' lang='lat'>—</span> <span class='ocrx_word' id='word_1_248' title='bbox 883 2559 997 2613; x_wconf 84' lang='lat' dir='ltr'>animos.</span> 
     </span>
     <span class='ocr_line' id='line_1_28' title="bbox 138 2628 1274 2699; baseline -0.001 -16"><span class='ocrx_word' id='word_1_249' title='bbox 138 2630 254 2696; x_wconf 83' lang='lat' dir='ltr'>litatem,</span> <span class='ocrx_word' id='word_1_250' title='bbox 280 2629 348 2682; x_wconf 87' lang='lat' dir='ltr'>oder</span> <span class='ocrx_word' id='word_1_251' title='bbox 369 2646 424 2682; x_wconf 89' lang='lat' dir='ltr'>von</span> <span class='ocrx_word' id='word_1_252' title='bbox 445 2628 615 2699; x_wconf 86' lang='lat' dir='ltr'>Bedeutung</span> <span class='ocrx_word' id='word_1_253' title='bbox 639 2629 698 2682; x_wconf 90' lang='lat' dir='ltr'>und</span> <span class='ocrx_word' id='word_1_254' title='bbox 788 2628 873 2698; x_wconf 64' lang='lat'>514.</span> <span class='ocrx_word' id='word_1_255' title='bbox 911 2629 1116 2698; x_wconf 74' lang='lat' dir='ltr'>quiquidem</span> <span class='ocrx_word' id='word_1_256' title='bbox 1136 2630 1185 2697; x_wconf 82' lang='lat' dir='ltr'>‘er,</span> <span class='ocrx_word' id='word_1_257' title='bbox 1205 2629 1274 2683; x_wconf 88' lang='lat' dir='ltr'>der&#39;.</span> 
     </span>
     <span class='ocr_line' id='line_1_29' title="bbox 137 2698 1315 2768; baseline 0.003 -17"><span class='ocrx_word' id='word_1_258' title='bbox 137 2698 699 2765; x_wconf 78' lang='lat' dir='ltr'>Nutzensein,wie§50eadenebonitae</span> <span class='ocrx_word' id='word_1_259' title='bbox 789 2700 887 2767; x_wconf 78' lang='lat' dir='ltr'>quasi</span> <span class='ocrx_word' id='word_1_260' title='bbox 926 2700 1142 2768; x_wconf 74' lang='lat' dir='ltr'>praesayiret</span> <span class='ocrx_word' id='word_1_261' title='bbox 1189 2699 1315 2755; x_wconf 86' lang='lat' dir='ltr'>absolut:</span> 
     </span>
     <span class='ocr_line' id='line_1_30' title="bbox 137 2768 1316 2840; baseline 0.001 -16"><span class='ocrx_word' id='word_1_262' title='bbox 137 2771 220 2824; x_wconf 82' lang='lat' dir='ltr'>etiam</span> <span class='ocrx_word' id='word_1_263' title='bbox 238 2769 276 2823; x_wconf 85' lang='lat' dir='ltr'>ad</span> <span class='ocrx_word' id='word_1_264' title='bbox 294 2769 496 2824; x_wconf 66' lang='lat' dir='ltr'>multitudinem</span> <span class='ocrx_word' id='word_1_265' title='bbox 510 2772 638 2838; x_wconf 80' lang='lat' dir='ltr'>pertinet.</span> <span class='ocrx_word' id='word_1_266' title='bbox 755 2768 808 2822; x_wconf 81' lang='lat' dir='ltr'>‘als</span> <span class='ocrx_word' id='word_1_267' title='bbox 827 2769 863 2821; x_wconf 90' lang='lat' dir='ltr'>olo</span> <span class='ocrx_word' id='word_1_268' title='bbox 883 2784 913 2820; x_wconf 90' lang='lat' dir='ltr'>er</span> <span class='ocrx_word' id='word_1_269' title='bbox 931 2768 993 2823; x_wconf 88' lang='lat' dir='ltr'>eine</span> <span class='ocrx_word' id='word_1_270' title='bbox 1011 2769 1187 2840; x_wconf 84' lang='lat' dir='ltr'>Vorahnung</span> <span class='ocrx_word' id='word_1_271' title='bbox 1207 2771 1316 2840; x_wconf 83' lang='lat' dir='ltr'>gehabt</span> 
     </span>
    </p>

    <p class='ocr_par' dir='ltr' id='par_1_6' title="bbox 137 2839 1445 3403">
     <span class='ocr_line' id='line_1_31' title="bbox 174 2839 1208 2922; baseline -0.002 -28"><span class='ocrx_word' id='word_1_272' title='bbox 174 2839 570 2920; x_wconf 79' lang='lat' dir='ltr'>eorun,derPythagcreer.</span> <span class='ocrx_word' id='word_1_273' title='bbox 594 2839 699 2908; x_wconf 82' lang='lat' dir='ltr'>Pytha·</span> <span class='ocrx_word' id='word_1_274' title='bbox 752 2839 872 2893; x_wconf 75' lang='lat' dir='ltr'>httte&#39;.</span> <span class='ocrx_word' id='word_1_275' title='bbox 929 2910 934 2922; x_wconf 93' lang='lat'>.</span> <span class='ocrx_word' id='word_1_276' title='bbox 1203 2910 1208 2921; x_wconf 35' lang='grc' dir='ltr'>Ι</span> 
     </span>
     <span class='ocr_line' id='line_1_32' title="bbox 137 2908 1314 3062; baseline 0.003 -28"><span class='ocrx_word' id='word_1_277' title='bbox 137 2908 699 3062; x_wconf 49' lang='lat' dir='ltr'>rrarrrnuntttntru</span> <span class='ocrx_word' id='word_1_278' title='bbox 789 2910 1314 3037; x_wconf 64' lang='lat' dir='ltr'>taltttttttlltnttnt</span> 
     </span>
     <span class='ocr_line' id='line_1_33' title="bbox 138 3051 1445 3176; baseline 0.005 -71"><span class='ocrx_word' id='word_1_279' title='bbox 138 3051 620 3176; x_wconf 56' lang='lat' dir='ltr'>⁸⁰iihi⁹⁰he81⁰jhi¹lefid¹i³m⁸l⁰¹⁰h</span> <span class='ocrx_word' id='word_1_280' title='bbox 637 3067 701 3176; x_wconf 50' lang='lat' dir='ltr'>{mse}</span> <span class='ocrx_word' id='word_1_281' title='bbox 754 3052 895 3176; x_wconf 64' lang='lat' dir='ltr'>sideriis</span> <span class='ocrx_word' id='word_1_282' title='bbox 910 3053 1059 3121; x_wconf 82' lang='lat' dir='ltr'>publica.</span> <span class='ocrx_word' id='word_1_283' title='bbox 1097 3051 1227 3136; x_wconf 77' lang='lat' dir='ltr'>Gemeint</span> <span class='ocrx_word' id='word_1_284' title='bbox 1252 3053 1445 3111; x_wconf 55' lang='lat' dir='ltr'>sind—«.-</span> 
     </span>
     <span class='ocr_line' id='line_1_34' title="bbox 137 3124 1317 3274; baseline 0.002 -29"><span class='ocrx_word' id='word_1_285' title='bbox 137 3125 433 3247; x_wconf 47' lang='lat' dir='ltr'>iriaigmiieidniltscisi</span> <span class='ocrx_word' id='word_1_286' title='bbox 455 3138 701 3248; x_wconf 51' lang='lat' dir='ltr'>ihidlolldlriiovadn</span> <span class='ocrx_word' id='word_1_287' title='bbox 755 3137 850 3246; x_wconf 73' lang='lat' dir='ltr'>deireri</span> <span class='ocrx_word' id='word_1_288' title='bbox 859 3139 968 3261; x_wconf 66' lang='lat' dir='ltr'>jedddli</span> <span class='ocrx_word' id='word_1_289' title='bbox 975 3125 1036 3274; x_wconf 36' lang='lat' dir='ltr'>,niul</span> <span class='ocrx_word' id='word_1_290' title='bbox 1054 3124 1317 3248; x_wconf 45' lang='lat' dir='ltr'>gsswpupitlrlassrffi</span> 
     </span>
     <span class='ocr_line' id='line_1_35' title="bbox 139 3260 1316 3334; baseline 0.003 -19"><span class='ocrx_word' id='word_1_291' title='bbox 139 3263 189 3315; x_wconf 88' lang='lat' dir='ltr'>der</span> <span class='ocrx_word' id='word_1_292' title='bbox 234 3260 507 3332; x_wconf 80' lang='lat' dir='ltr'>Seelenwanderung</span> <span class='ocrx_word' id='word_1_293' title='bbox 553 3264 700 3334; x_wconf 70' lang='lat' dir='ltr'>(peccand</span> <span class='ocrx_word' id='word_1_294' title='bbox 754 3280 806 3315; x_wconf 88' lang='lat' dir='ltr'>uns</span> <span class='ocrx_word' id='word_1_295' title='bbox 826 3262 954 3317; x_wconf 87' lang='lat' dir='ltr'>erhalten</span> <span class='ocrx_word' id='word_1_296' title='bbox 972 3266 1018 3318; x_wconf 86' lang='lat' dir='ltr'>rst.</span> <span class='ocrx_word' id='word_1_297' title='bbox 1055 3264 1112 3318; x_wconf 90' lang='lat' dir='ltr'>Das</span> <span class='ocrx_word' id='word_1_298' title='bbox 1131 3265 1218 3319; x_wconf 88' lang='lat' dir='ltr'>letzte</span> <span class='ocrx_word' id='word_1_299' title='bbox 1237 3264 1316 3318; x_wconf 84' lang='lat' dir='ltr'>Buch</span> 
     </span>
     <span class='ocr_line' id='line_1_36' title="bbox 138 3332 1317 3403; baseline 0.002 -17"><span class='ocrx_word' id='word_1_300' title='bbox 138 3335 241 3403; x_wconf 83' lang='grc' dir='ltr'>χωσις).</span> <span class='ocrx_word' id='word_1_301' title='bbox 754 3332 875 3386; x_wconf 89' lang='lat' dir='ltr'>enthielt</span> <span class='ocrx_word' id='word_1_302' title='bbox 907 3333 957 3386; x_wconf 88' lang='lat' dir='ltr'>das</span> <span class='ocrx_word' id='word_1_303' title='bbox 990 3352 1042 3386; x_wconf 89' lang='lat' dir='ltr'>uns</span> <span class='ocrx_word' id='word_1_304' title='bbox 1075 3351 1129 3387; x_wconf 91' lang='lat' dir='ltr'>von</span> <span class='ocrx_word' id='word_1_305' title='bbox 1155 3334 1317 3388; x_wconf 87' lang='lat' dir='ltr'>Macrobius</span> 
     </span>
    </p>

    <p class='ocr_par' dir='ltr' id='par_1_7' title="bbox 138 3402 1317 3688">
     <span class='ocr_line' id='line_1_37' title="bbox 174 3402 1277 3474; baseline 0.003 -17"><span class='ocrx_word' id='word_1_306' title='bbox 174 3404 315 3470; x_wconf 82' lang='lat' dir='ltr'>fueraut</span> <span class='ocrx_word' id='word_1_307' title='bbox 326 3402 700 3474; x_wconf 74' lang='lat' dir='ltr'>‘lebten’,(niehtuiccernnt,</span> <span class='ocrx_word' id='word_1_308' title='bbox 755 3403 953 3458; x_wconf 84' lang='lat' dir='ltr'>aufbewalrrte</span> <span class='ocrx_word' id='word_1_309' title='bbox 971 3404 1114 3458; x_wconf 73' lang='lat' dir='ltr'>Sanniun</span> <span class='ocrx_word' id='word_1_310' title='bbox 1132 3404 1277 3472; x_wconf 79' lang='lat' dir='ltr'>Scipionis.</span> 
     </span>
     <span class='ocr_line' id='line_1_38' title="bbox 139 3473 1317 3544; baseline 0.002 -17"><span class='ocrx_word' id='word_1_311' title='bbox 139 3475 177 3527; x_wconf 85' lang='lat' dir='ltr'>da</span> <span class='ocrx_word' id='word_1_312' title='bbox 199 3475 286 3530; x_wconf 82' lang='lat' dir='ltr'>uiuere</span> <span class='ocrx_word' id='word_1_313' title='bbox 308 3473 346 3528; x_wconf 88' lang='lat' dir='ltr'>ist</span> <span class='ocrx_word' id='word_1_314' title='bbox 375 3477 400 3544; x_wconf 92' lang='lat'>1)</span> <span class='ocrx_word' id='word_1_315' title='bbox 424 3475 475 3528; x_wconf 89' lang='lat' dir='ltr'>das</span> <span class='ocrx_word' id='word_1_316' title='bbox 494 3474 590 3528; x_wconf 88' lang='lat' dir='ltr'>Leben</span> <span class='ocrx_word' id='word_1_317' title='bbox 607 3474 702 3528; x_wconf 88' lang='lat' dir='ltr'>haben</span> <span class='ocrx_word' id='word_1_318' title='bbox 790 3475 897 3530; x_wconf 84' lang='lat' dir='ltr'>cuiue</span> <span class='ocrx_word' id='word_1_319' title='bbox 945 3475 1196 3544; x_wconf 79' lang='lat' dir='ltr'>disputationis</span> <span class='ocrx_word' id='word_1_320' title='bbox 1243 3476 1317 3529; x_wconf 84' lang='lat' dir='ltr'>‘und</span> 
     </span>
     <span class='ocr_line' id='line_1_39' title="bbox 138 3543 1169 3615; baseline 0.003 -17"><span class='ocrx_word' id='word_1_321' title='bbox 138 3545 207 3599; x_wconf 87' lang='lat' dir='ltr'>oder</span> <span class='ocrx_word' id='word_1_322' title='bbox 229 3545 302 3598; x_wconf 91' lang='lat' dir='ltr'>noch</span> <span class='ocrx_word' id='word_1_323' title='bbox 328 3561 374 3599; x_wconf 90' lang='lat' dir='ltr'>am</span> <span class='ocrx_word' id='word_1_324' title='bbox 396 3545 492 3599; x_wconf 88' lang='lat' dir='ltr'>Leben</span> <span class='ocrx_word' id='word_1_325' title='bbox 517 3544 578 3599; x_wconf 88' lang='lat' dir='ltr'>sein</span> <span class='ocrx_word' id='word_1_326' title='bbox 606 3547 633 3615; x_wconf 79' lang='lat'>2)</span> <span class='ocrx_word' id='word_1_327' title='bbox 655 3544 724 3600; x_wconf 91' lang='lat' dir='ltr'>ein.</span> <span class='ocrx_word' id='word_1_328' title='bbox 755 3543 867 3599; x_wconf 89' lang='lat' dir='ltr'>dieser.</span> <span class='ocrx_word' id='word_1_329' title='bbox 884 3588 889 3598; x_wconf 93' lang='lat'>.</span> <span class='ocrx_word' id='word_1_330' title='bbox 906 3546 934 3612; x_wconf 86' lang='lat'>.’,</span> <span class='ocrx_word' id='word_1_331' title='bbox 953 3544 1008 3615; x_wconf 82' lang='lat' dir='ltr'>vgl.</span> <span class='ocrx_word' id='word_1_332' title='bbox 1028 3551 1073 3611; x_wconf 72' lang='lat'>§3</span> <span class='ocrx_word' id='word_1_333' title='bbox 1093 3563 1169 3615; x_wconf 83' lang='lat' dir='ltr'>qaae.</span> 
     </span>
     <span class='ocr_line' id='line_1_40' title="bbox 139 3614 1317 3688; baseline 0.003 -20"><span class='ocrx_word' id='word_1_334' title='bbox 139 3615 235 3669; x_wconf 88' lang='lat' dir='ltr'>Leben</span> <span class='ocrx_word' id='word_1_335' title='bbox 253 3614 373 3684; x_wconf 79' lang='lat' dir='ltr'>fiihren).</span> <span class='ocrx_word' id='word_1_336' title='bbox 789 3616 859 3682; x_wconf 80' lang='lat' dir='ltr'>fuit</span> <span class='ocrx_word' id='word_1_337' title='bbox 873 3647 907 3656; x_wconf 94' lang='lat'><em>-</em></span> <span class='ocrx_word' id='word_1_338' title='bbox 921 3617 959 3672; x_wconf 86' lang='lat' dir='ltr'>de</span> <span class='ocrx_word' id='word_1_339' title='bbox 979 3616 1125 3671; x_wconf 81' lang='lat' dir='ltr'>‘handelte</span> <span class='ocrx_word' id='word_1_340' title='bbox 1144 3617 1207 3670; x_wconf 89' lang='lat' dir='ltr'>von’</span> <span class='ocrx_word' id='word_1_341' title='bbox 1227 3617 1317 3688; x_wconf 88' lang='lat' dir='ltr'>(nicht</span> 
     </span>
    </p>

    <p class='ocr_par' dir='ltr' id='par_1_8' title="bbox 175 3685 927 3756">
     <span class='ocr_line' id='line_1_41' title="bbox 175 3685 927 3756; baseline 0.001 -17"><span class='ocrx_word' id='word_1_342' title='bbox 175 3686 306 3754; x_wconf 77' lang='lat' dir='ltr'>quiden</span> <span class='ocrx_word' id='word_1_343' title='bbox 326 3685 467 3740; x_wconf 83' lang='lat' dir='ltr'>‘freilich’.</span> <span class='ocrx_word' id='word_1_344' title='bbox 754 3687 842 3756; x_wconf 75' lang='lat' dir='ltr'>epitl).</span> <span class='ocrx_word' id='word_1_345' title='bbox 924 3735 927 3740; x_wconf 92' lang='lat'>.</span> 
     </span>
    </p>

    <p class='ocr_par' dir='ltr' id='par_1_9' title="bbox 139 3756 1317 3899">
     <span class='ocr_line' id='line_1_42' title="bbox 175 3756 1212 3823; baseline 0.002 -13"><span class='ocrx_word' id='word_1_346' title='bbox 175 3757 194 3810; x_wconf 89' lang='lat' dir='ltr'>d</span> <span class='ocrx_word' id='word_1_347' title='bbox 199 3757 284 3810; x_wconf 81' lang='lat' dir='ltr'>cleta</span> <span class='ocrx_word' id='word_1_348' title='bbox 298 3763 345 3811; x_wconf 83' lang='lat' dir='ltr'>est</span> <span class='ocrx_word' id='word_1_349' title='bbox 357 3756 431 3810; x_wconf 90' lang='lat' dir='ltr'>nach</span> <span class='ocrx_word' id='word_1_350' title='bbox 445 3757 508 3810; x_wconf 87' lang='lat' dir='ltr'>dem</span> <span class='ocrx_word' id='word_1_351' title='bbox 522 3756 701 3811; x_wconf 83' lang='lat' dir='ltr'>Tarentiner-</span> <span class='ocrx_word' id='word_1_352' title='bbox 790 3757 859 3823; x_wconf 80' lang='lat' dir='ltr'>fere</span> <span class='ocrx_word' id='word_1_353' title='bbox 880 3756 948 3811; x_wconf 85' lang='lat' dir='ltr'>‘fast</span> <span class='ocrx_word' id='word_1_354' title='bbox 967 3756 1212 3812; x_wconf 82' lang='lat' dir='ltr'>ausschliesslich’.</span> 
     </span>
     <span class='ocr_line' id='line_1_43' title="bbox 139 3825 1317 3899; baseline 0.003 -20"><span class='ocrx_word' id='word_1_355' title='bbox 139 3825 245 3895; x_wconf 82' lang='lat' dir='ltr'>lm‘ege.</span> <span class='ocrx_word' id='word_1_356' title='bbox 791 3844 873 3896; x_wconf 75' lang='lat' dir='ltr'>quae</span> <span class='ocrx_word' id='word_1_357' title='bbox 896 3859 930 3867; x_wconf 93' lang='lat'>—-</span> <span class='ocrx_word' id='word_1_358' title='bbox 954 3828 1097 3894; x_wconf 83' lang='lat' dir='ltr'>dicebat,</span> <span class='ocrx_word' id='word_1_359' title='bbox 1134 3827 1194 3882; x_wconf 89' lang='lat' dir='ltr'>lose</span> <span class='ocrx_word' id='word_1_360' title='bbox 1232 3845 1317 3899; x_wconf 85' lang='lat' dir='ltr'>ange·</span> 
     </span>
    </p>

    <p class='ocr_par' dir='ltr' id='par_1_10' title="bbox 139 3896 1318 4251">
     <span class='ocr_line' id='line_1_44' title="bbox 175 3896 1318 3967; baseline 0.002 -16"><span class='ocrx_word' id='word_1_361' title='bbox 175 3898 701 3967; x_wconf 80' lang='lat' dir='ltr'>institutisetpraeeeptia‘durch</span> <span class='ocrx_word' id='word_1_362' title='bbox 754 3896 865 3966; x_wconf 78' lang='lat' dir='ltr'>kniipft.</span> <span class='ocrx_word' id='word_1_363' title='bbox 906 3897 971 3966; x_wconf 88' lang='lat' dir='ltr'>Vgl.</span> <span class='ocrx_word' id='word_1_364' title='bbox 996 3897 1055 3953; x_wconf 81' lang='lat' dir='ltr'>Cat.</span> <span class='ocrx_word' id='word_1_365' title='bbox 1075 3917 1111 3952; x_wconf 94' lang='lat' dir='ltr'>m.</span> <span class='ocrx_word' id='word_1_366' title='bbox 1131 3904 1147 3964; x_wconf 65' lang='grc'>5</span> <span class='ocrx_word' id='word_1_367' title='bbox 1167 3904 1181 3951; x_wconf 78' lang='grc'>7</span> <span class='ocrx_word' id='word_1_368' title='bbox 1200 3900 1318 3966; x_wconf 78' lang='lat' dir='ltr'>interfui</span> 
     </span>
     <span class='ocr_line' id='line_1_45' title="bbox 139 3967 1316 4039; baseline 0.003 -18"><span class='ocrx_word' id='word_1_369' title='bbox 139 3967 363 4038; x_wconf 79' lang='lat' dir='ltr'>Einriehtuugen</span> <span class='ocrx_word' id='word_1_370' title='bbox 369 3968 563 4024; x_wconf 85' lang='lat' dir='ltr'>undLehren’.</span> <span class='ocrx_word' id='word_1_371' title='bbox 574 3968 700 4023; x_wconf 81' lang='lat' dir='ltr'>Ersteres</span> <span class='ocrx_word' id='word_1_372' title='bbox 754 3968 880 4037; x_wconf 77' lang='lat' dir='ltr'>querellis</span> <span class='ocrx_word' id='word_1_373' title='bbox 893 3999 928 4008; x_wconf 95' lang='lat'>—</span> <span class='ocrx_word' id='word_1_374' title='bbox 943 3985 1025 4038; x_wconf 77' lang='lat' dir='ltr'>quae</span> <span class='ocrx_word' id='word_1_375' title='bbox 1039 4001 1073 4009; x_wconf 89' lang='lat'>-</span> <span class='ocrx_word' id='word_1_376' title='bbox 1087 3970 1230 4039; x_wconf 85' lang='lat' dir='ltr'>deplorare</span> <span class='ocrx_word' id='word_1_377' title='bbox 1251 3972 1316 4025; x_wconf 86' lang='lat' dir='ltr'>sole·</span> 
     </span>
     <span class='ocr_line' id='line_1_46' title="bbox 140 4038 828 4109; baseline 0.004 -18"><span class='ocrx_word' id='word_1_378' title='bbox 140 4038 192 4092; x_wconf 89' lang='lat' dir='ltr'>mit</span> <span class='ocrx_word' id='word_1_379' title='bbox 220 4038 315 4108; x_wconf 85' lang='lat' dir='ltr'>Bezug</span> <span class='ocrx_word' id='word_1_380' title='bbox 343 4039 395 4092; x_wconf 82' lang='lat' dir='ltr'>auf</span> <span class='ocrx_word' id='word_1_381' title='bbox 419 4038 465 4093; x_wconf 90' lang='lat' dir='ltr'>die</span> <span class='ocrx_word' id='word_1_382' title='bbox 496 4038 699 4109; x_wconf 88' lang='lat' dir='ltr'>politische,</span> <span class='ocrx_word' id='word_1_383' title='bbox 755 4039 828 4094; x_wconf 83' lang='lat' dir='ltr'>bant.</span> 
     </span>
     <span class='ocr_line' id='line_1_47' title="bbox 139 4107 1178 4180; baseline 0.003 -19"><span class='ocrx_word' id='word_1_384' title='bbox 139 4107 700 4180; x_wconf 75' lang='lat' dir='ltr'>letzteresaufdiereligitls-ethische</span> <span class='ocrx_word' id='word_1_385' title='bbox 790 4110 827 4163; x_wconf 89' lang='lat' dir='ltr'>in</span> <span class='ocrx_word' id='word_1_386' title='bbox 845 4110 956 4179; x_wconf 78' lang='lat' dir='ltr'>quiete</span> <span class='ocrx_word' id='word_1_387' title='bbox 976 4108 1026 4162; x_wconf 87' lang='lat' dir='ltr'>‘im</span> <span class='ocrx_word' id='word_1_388' title='bbox 1045 4108 1178 4164; x_wconf 83' lang='lat' dir='ltr'>Schlafe’.</span> 
     </span>
     <span class='ocr_line' id='line_1_48' title="bbox 141 4178 1149 4251; baseline 0.002 -18"><span class='ocrx_word' id='word_1_389' title='bbox 141 4178 216 4234; x_wconf 85' lang='lat' dir='ltr'>Seite</span> <span class='ocrx_word' id='word_1_390' title='bbox 234 4179 310 4234; x_wconf 86' lang='lat' dir='ltr'>ihrer</span> <span class='ocrx_word' id='word_1_391' title='bbox 328 4180 517 4251; x_wconf 78' lang='lat' dir='ltr'>Philosophia</span> <span class='ocrx_word' id='word_1_392' title='bbox 790 4180 959 4247; x_wconf 67' lang='lat' dir='ltr'>Africano</span> <span class='ocrx_word' id='word_1_393' title='bbox 978 4196 1014 4234; x_wconf 85' lang='lat' dir='ltr'>sa.</span> <span class='ocrx_word' id='word_1_394' title='bbox 1035 4180 1149 4235; x_wconf 86' lang='lat' dir='ltr'>maiore.</span> 
     </span>
    </p>

    <p class='ocr_par' dir='ltr' id='par_1_11' title="bbox 176 4252 1317 4318">
     <span class='ocr_line' id='line_1_49' title="bbox 176 4252 1317 4318; baseline 0.001 -14"><span class='ocrx_word' id='word_1_395' title='bbox 176 4253 231 4304; x_wconf 82' lang='lat' dir='ltr'>cui</span> <span class='ocrx_word' id='word_1_396' title='bbox 249 4268 286 4305; x_wconf 86' lang='lat' dir='ltr'>sc.</span> <span class='ocrx_word' id='word_1_397' title='bbox 305 4252 455 4308; x_wconf 84' lang='lat' dir='ltr'>uidebatur.</span> <span class='ocrx_word' id='word_1_398' title='bbox 789 4252 823 4306; x_wconf 92' lang='lat' dir='ltr'>It</span> <span class='ocrx_word' id='word_1_399' title='bbox 849 4252 879 4305; x_wconf 82' lang='lat' dir='ltr'>si</span> <span class='ocrx_word' id='word_1_400' title='bbox 904 4252 954 4305; x_wconf 87' lang='lat' dir='ltr'>ita</span> <span class='ocrx_word' id='word_1_401' title='bbox 980 4257 1028 4306; x_wconf 84' lang='lat' dir='ltr'>est</span> <span class='ocrx_word' id='word_1_402' title='bbox 1054 4258 1102 4318; x_wconf 89' lang='lat' dir='ltr'>ut,</span> <span class='ocrx_word' id='word_1_403' title='bbox 1132 4253 1224 4306; x_wconf 55' lang='lat' dir='ltr'>swann</span> <span class='ocrx_word' id='word_1_404' title='bbox 1257 4252 1317 4305; x_wconf 84' lang='lat' dir='ltr'>dies</span> 
     </span>
    </p>

    <p class='ocr_par' dir='ltr' id='par_1_12' title="bbox 140 4320 1445 4464">
     <span class='ocr_line' id='line_1_50' title="bbox 172 4320 1445 4444; baseline -0.005 -70"><span class='ocrx_word' id='word_1_405' title='bbox 172 4321 359 4391; x_wconf 76' lang='lat' dir='ltr'>plerisque,</span> <span class='ocrx_word' id='word_1_406' title='bbox 387 4323 440 4377; x_wconf 84' lang='lat' dir='ltr'>wie</span> <span class='ocrx_word' id='word_1_407' title='bbox 468 4323 523 4376; x_wconf 92' lang='lat' dir='ltr'>den</span> <span class='ocrx_word' id='word_1_408' title='bbox 550 4321 701 4392; x_wconf 82' lang='lat' dir='ltr'>Sophisten</span> <span class='ocrx_word' id='word_1_409' title='bbox 754 4320 916 4374; x_wconf 87' lang='lat' dir='ltr'>wirklich</span> <span class='ocrx_word' id='word_1_410' title='bbox 935 4323 1123 4444; x_wconf 29' lang='lat' dir='ltr'>&amp;aasabim</span> <span class='ocrx_word' id='word_1_411' title='bbox 1138 4329 1175 4374; x_wconf 75' lang='lat' dir='ltr'>ut</span> <span class='ocrx_word' id='word_1_412' title='bbox 1192 4323 1332 4383; x_wconf 54' lang='lat' dir='ltr'>arcuum</span> <span class='ocrx_word' id='word_1_413' title='bbox 1436 4350 1445 4386; x_wconf 74' lang='lat'>,</span> 
     </span>
     <span class='ocr_line' id='line_1_51' title="bbox 140 4385 1445 4464; baseline -0.002 -21"><span class='ocrx_word' id='word_1_414' title='bbox 140 4391 199 4443; x_wconf 89' lang='lat' dir='ltr'>und</span> <span class='ocrx_word' id='word_1_415' title='bbox 216 4407 338 4445; x_wconf 87' lang='lat' dir='ltr'>neueren</span> <span class='ocrx_word' id='word_1_416' title='bbox 356 4392 576 4464; x_wconf 84' lang='lat' dir='ltr'>Akademikern,</span> <span class='ocrx_word' id='word_1_417' title='bbox 595 4393 705 4450; x_wconf 83' lang='lat' dir='ltr'>welche</span> <span class='ocrx_word' id='word_1_418' title='bbox 755 4389 1151 4460; x_wconf 54' lang='lat' dir='ltr'>lallist,dasnamtrcm</span> <span class='ocrx_word' id='word_1_419' title='bbox 1172 4389 1285 4452; x_wconf 41' lang='lat' dir='ltr'>&amp;ausu</span> <span class='ocrx_word' id='word_1_420' title='bbox 1299 4385 1359 4440; x_wconf 46' lang='lat' dir='ltr'>um·</span> <span class='ocrx_word' id='word_1_421' title='bbox 1443 4387 1445 4401; x_wconf 93' lang='lat'>&#39;</span> 
     </span>
    </p>
   </div>
   <div class='ocr_carea' id='block_1_5' title="bbox 188 4479 1154 4536">
    <p class='ocr_par' dir='ltr' id='par_1_13' title="bbox 188 4479 1154 4536">
     <span class='ocr_line' id='line_1_52' title="bbox 188 4479 1154 4536; baseline 0.026 -8"><span class='ocrx_word' id='word_1_422' title='bbox 188 4488 235 4530; x_wconf 79' lang='lat' dir='ltr'>Oia.</span> <span class='ocrx_word' id='word_1_423' title='bbox 249 4489 353 4534; x_wconf 74' lang='lat' dir='ltr'>Laelius.</span> <span class='ocrx_word' id='word_1_424' title='bbox 383 4495 402 4534; x_wconf 75' lang='lat'>2.</span> <span class='ocrx_word' id='word_1_425' title='bbox 417 4492 480 4536; x_wconf 82' lang='lat' dir='ltr'>Aufl.</span> <span class='ocrx_word' id='word_1_426' title='bbox 1128 4479 1154 4522; x_wconf 36' lang='grc' dir='ltr'><strong>ἢ</strong></span> 
     </span>
    </p>
   </div>
   <div class='ocr_carea' id='block_1_6' title="bbox 0 0 1468 4716">
    <p class='ocr_par' dir='ltr' id='par_1_14' title="bbox 0 0 1468 4716">
     <span class='ocr_line' id='line_1_53' title="bbox 0 0 1468 4716; baseline 0 0"><span class='ocrx_word' id='word_1_427' title='bbox 0 0 1468 4716; x_wconf 95' lang='lat' dir='ltr'> </span> 
     </span>
    </p>
   </div>
  </div>
 </body>
</html>
