2910 4716
515 236 591 292 CAP.
611 236 756 291 VIII-IX.
794 242 809 302 §
828 240 940 290 26-29.
1271 236 1313 301 29

137 400 249 464 bestiis
283 399 475 484 quibusdam
508 398 720 463 animadverti
751 402 873 483 potest,
903 420 984 483 quae
1014 420 1053 462 ex
1083 419 1117 462 se
1146 402 1240 462 natos
1268 398 1314 461 ita

134 493 245 552 amant
277 489 318 552 ad
346 488 507 572 quoddam
536 491 664 571 tempus
695 490 727 551 et
757 488 797 551 ab
828 488 874 551 eis
902 488 948 551 ita
971 491 1133 572 amantur,
1160 491 1197 550 ut
1220 486 1314 551 facile

135 598 245 641 earum
269 598 380 641 sensus
405 579 565 660 appareat.
612 573 706 651 Quod
728 575 762 639 in
785 575 916 639 homine
933 576 1038 640 multo
1057 579 1106 639 est
1125 575 1313 659 evidentius,

134 665 275 750 primum
299 688 339 729 ex
362 687 399 729 ea
422 664 570 749 caritate,
593 685 674 746 quac
697 668 747 728 est
769 663 854 727 inter
876 667 970 728 natos
995 667 1026 727 et
1045 667 1208 747 parentcS,
1232 685 1313 747 quae

136 753 243 817 dirimi
271 753 335 816 nisi
363 752 546 817 detestabili
574 752 692 816 scelere
720 774 785 816 non
812 756 933 837 potest3
964 752 1077 816 deinde
1101 773 1174 816 cum
1198 752 1313 816 similis

136 859 249 906 sensus
273 842 382 906 extitit
406 839 533 924 amoris,
558 841 585 904 si
609 840 749 924 aliquem
768 842 856 905 nacti
874 863 994 926 sumus,
1018 841 1108 905 cuius
1128 863 1200 905 cum
1219 841 1315 904 mori-

135 929 196 994 bus
227 933 259 994 et
289 933 405 994 natura
433 951 662 1015 congruamus,
690 929 777 1013 quod
803 929 837 993 in
865 951 903 993 eo
931 930 1023 1015 quasi
1051 929 1160 993 lumen
1184 929 1316 1012 aliquod

135 1019 309 1103 probitatis
334 1022 366 1082 et
389 1018 520 1082 virtutis
542 1017 723 1102 perspicere
741 1018 914 1081 videamur.
961 1016 1020 1083 28.
1043 1017 1138 1083 Nihil
1160 1021 1209 1082 est
1229 1017 1315 1081 enim

136 1107 257 1170 virtute
287 1105 472 1190 amabilius,
502 1107 598 1190 nihil,
629 1106 716 1190 quod
744 1106 848 1192 magis
877 1105 1007 1170 adliciat
1030 1106 1076 1169 ad
1107 1105 1315 1190 diligendum,

137 1195 257 1279 quippe
285 1216 358 1259 cum
386 1199 519 1278 propter
545 1195 700 1258 virtutem
728 1199 760 1258 et
786 1195 983 1278 probitatem
1010 1195 1109 1259 etiam
1136 1216 1204 1279 cos,
1234 1215 1315 1277 quos

136 1305 313 1368 numquam
342 1283 497 1367 vidimus,
527 1283 666 1367 quodam
695 1283 791 1347 modo
825 1283 1006 1367 diligamus.
1057 1281 1136 1359 Quis
1167 1286 1229 1367 est,
1260 1282 1316 1366 qui

138 1370 171 1436 Ο.
194 1371 336 1456 Fabrici,
358 1371 411 1436 Μ’.
436 1370 512 1436 Curi
536 1393 601 1435 non
629 1393 703 1436 cum
730 1372 865 1436 caritate
887 1372 997 1455 aliqua
1019 1371 1174 1435 benevola
1196 1392 1317 1435 memo-

137 1460 219 1523 riam
248 1464 396 1545 usurpet,
427 1482 507 1544 quos
538 1482 714 1544 numquam
744 1459 883 1524 viderit?
920 1461 992 1543 quis
1023 1463 1131 1524 autem
1162 1464 1227 1543 est,
1260 1459 1316 1543 qui

137 1547 350 1631 Tarquinium
382 1548 580 1632 Superbum,
612 1549 669 1631 qui
701 1546 754 1631 Sp.
783 1547 947 1631 Cassium,
979 1548 1032 1631 Sp.
1064 1547 1219 1612 Maelium
1251 1569 1316 1611 non

138 1637 263 1701 oderit?
310 1636 391 1700 Cum
420 1637 544 1700 duobus
573 1637 707 1700 ducibus
737 1636 774 1698 de
802 1635 937 1718 imperio
964 1636 999 1699 in
1021 1633 1117 1699 Italia
1141 1639 1190 1699 est
1213 1635 1317 1699 decer-

139 1727 260 1808 tatum,
296 1723 422 1806 Pyrrho
456 1727 487 1786 et
519 1722 716 1806 Hannibale3
753 1723 793 1786 ab
825 1723 926 1788 altero
958 1727 1092 1808 propter
1120 1722 1317 1808 probitatem

139 1812 207 1875 eius
226 1833 291 1874 non
309 1811 407 1875 nimis
426 1811 547 1876 alienos
566 1812 691 1876 animos
710 1811 875 1897 habemus,
898 1812 1036 1876 alterum
1055 1816 1187 1896 propter
1209 1812 1317 1877 crude-

140 1898 266 1963 litatem
290 1921 417 1984 semper
438 1899 517 1964 haec
540 1900 653 1964 civitas
678 1900 789 1965 oderit.

225 1986 281 2052 IX.
328 1987 385 2053 29.
419 1986 540 2064 Quodsi
566 1993 658 2053 tanta
685 1989 734 2053 vis
761 1988 935 2074 probitatis
960 1992 1023 2076 est,
1052 1992 1090 2053 ut
1114 2010 1184 2053 eam
1208 1988 1259 2052 vel
1282 1989 1316 2051 in

139 2248 169 2286 es
201 2230 316 2285 hiermit
347 2230 393 2284 far
424 2230 486 2285 eine
518 2231 700 2287 Bewandtnis
753 2249 889 2301 unapara
907 2234 968 2300 (aus
986 2249 1041 2286 usu
1054 2235 1160 2300 rapere)
1175 2231 1214 2284 ist
1227 2248 1317 2299 urspr.

139 2302 210 2356 hat’.
756 2305 843 2357 etwas
859 2302 890 2355 in
904 2301 1054 2357 Gobrauch
1067 2303 1196 2370 nahmen,
1215 2301 1246 2355 in
1260 2300 1318 2354 An·

175 2390 214 2428 ea
232 2389 263 2428 se
281 2380 380 2428 natos
399 2334 471 2428 ‘ihre
490 2373 623 2442 Jungen'.
754 2372 896 2443 wendung
922 2372 1054 2444 haugen,
1083 2373 1138 2444 vgl.
1163 2379 1177 2439 ς
1201 2377 1217 2426 8
1237 2374 1319 2496 quod

176 2445 218 2499 ad
236 2444 400 2513 quoddam
419 2451 558 2515 tempus,
577 2442 702 2497 ntmlich
756 2445 897 2514 (officium)
922 2461 1026 2512 semper
1052 2445 1194 2512 usmpaai.
1263 2443 1318 2497 uch

139 2532 223 2584 usquc
245 2515 283 2568 aci
305 2533 366 2571 eum
387 2517 482 2583 finem,
507 2515 574 2569 dum
593 2516 702 2583 possint
754 2531 809 2570 von
822 2515 953 2570 Worton:
972 2515 1004 2568 in
1022 2515 1077 2569 don
1091 2515 1180 2568 Mund
1197 2513 1317 2568 nehmen

139 2602 167 2640 aa
184 2587 240 2654 ipsi
253 2587 395 2652 defendere
409 2586 484 2656 (Nat.
501 2585 576 2639 deor.
591 2584 617 2638 H
630 2586 700 2654 129).
755 2604 778 2640 z.
797 2585 828 2639 B.
848 2587 973 2651 uerbum,
991 2602 1089 2640 nonun
1106 2601 1251 2653 aucupare,
1270 2584 1319 2637 da·

138 2655 203 2724 Vgl.
219 2661 234 2720 ξ
249 2660 283 2709 53
303 2658 340 2709 ad
358 2663 470 2724 tempus.
755 2655 807 2708 her
825 2656 964 2724 geradezu
978 2682 1012 2702 =
1027 2657 1174 2724 appellare.
1212 2655 1255 2724 (In
1269 2654 1320 2708 der

141 2722 704 2864 irrisurusdiriditis
756 2724 1027 2864 distanti
1055 2724 1199 2780 malm
1225 2725 1264 2779 a
1289 2741 1318 2778 ‘³⁵

141 2867 192 2920 dcr
224 2865 287 2920 cine
321 2868 407 2920 etwas
438 2864 702 2933 Wesentlichas,
793 2867 853 2935 qui
875 2897 909 2906 -
932 2867 1065 2922 uiderit.
1111 2865 1177 2920 Wie
1203 2866 1241 2920 ist
1270 2866 1320 2921 der

142 2936 193 2990 der
216 2937 320 2991 andere
338 2954 392 2990 nur
409 2936 472 2992 aino
490 2935 703 2991 nebensach·
757 2935 933 3006 Konjunktiv
952 2954 986 2989 za
1005 2937 1152 2992 erklaren?

141 3006 233 3062 licha
265 3007 444 3078 Bemerkung
475 3007 526 3078 (im
552 3006 586 3061 D.
612 3005 705 3061 bleibt
794 3008 844 3077 Sp.
878 3007 1018 3063 Cassius
1048 3009 1227 3077 (Vecellinus)
1260 3008 1319 3061 und

141 3095 210 3201 quaa
228 3084 267 3133 esi
279 3079 472 3146 unubersctzt)
486 3077 605 3132 euthalt.
638 3076 703 3147 Vgl.
759 3079 808 3147 Sp.
829 3079 979 3134 Maelius
992 3079 1109 3134 wurdcn
1122 3078 1206 3134 boide
1220 3095 1319 3149 wegen

167 3150 205 3202 at.
224 3154 338 3214 m.§59
357 3151 389 3203 in
407 3166 437 3204 co
456 3149 534 3214 libro,
553 3149 658 3216 quiesi
672 3149 704 3203 da
757 3148 914 3203 Vardachts
950 3150 1024 3203 nach
1056 3150 1106 3204 der
1137 3149 1319 3220 hiniglichen

143 3219 247 3273 tuenda
257 3235 286 3272 re
295 3220 441 3285 familiari,
455 3220 503 3287 qni
514 3218 704 3273 Oeconomicus
759 3219 869 3274 Gawalt
888 3221 1015 3290 gestrcbt
1033 3239 1067 3273 zu
1085 3220 1180 3274 haben
1195 3223 1321 3291 (requam

145 3289 315 3343 inscribitur.
759 3292 893 3358 appetere)
912 3292 1030 3359 getbtct.

179 3376 262 3428 quaa
294 3359 413 3413 dirimi
440 3390 475 3399 -
501 3375 568 3413 non
595 3365 706 3427 potest
795 3361 1007 3416 decertatum.
1044 3360 1168 3415 Beachte
1190 3361 1322 3414 diePr'a-

143 3429 183 3483 im
202 3427 267 3499 Ggs.
287 3447 321 3482 zu
340 3430 378 3483 ad
396 3430 534 3498 quoddam
551 3435 663 3498 tempus.
758 3429 882 3499 position
905 3432 944 3486 dc.
982 3430 1047 3501 Vgl.
1066 3436 1082 3497 ς
1101 3437 1135 3485 39
1154 3431 1321 3498 derelictum,

179 3501 304 3555 similis
326 3517 444 3556 sensus
466 3531 502 3542 -
524 3501 649 3555 amoris
671 3526 705 3546 =
760 3501 819 3556 Cat.
842 3519 878 3557 m.
902 3507 917 3567 ξ
937 3507 971 3555 32
994 3502 1166 3572 dampnari,
1193 3501 1232 3558 ib.
1251 3508 1267 3568 5
1285 3509 1321 3557 44

143 3587 239 3626 sensus
248 3572 351 3626 amoris
359 3572 494 3627 similisei
501 3572 622 3640 caritati,
637 3588 706 3640 quae
759 3573 902 3627 deuicerat.

144 3648 183 3696 est
206 3642 278 3696 inter
302 3648 382 3696 natos
406 3648 431 3696 et
453 3649 589 3723 parentas.
627 3642 706 3697 Com·
796 3643 927 3715 Pyrrho
950 3644 1203 3699 etHannibaia.
1240 3645 1321 3700 Wes-

145 3711 256 3780 paratio
275 3711 493 3781 compendiana.
759 3713 827 3767 halb
868 3714 908 3768 ist
944 3713 990 3768 die
1025 3713 1205 3784 Prtposition
1242 3714 1322 3769 nicht

180 3780 560 3850 siaiiqnammithtonun
585 3806 591 3838 ε
613 3784 705 3837 ‘ucnn
760 3783 943 3839 wiedcrholt?

144 3851 197 3905 wir
214 3851 338 3922 irgcnd
349 3852 512 3922 jemanden'
528 3801 583 3923 vgl.
598 3858 657 3919 §48
671 3871 706 3908 ne
794 3856 925 3910 alienos
943 3857 1072 3910 animos
1093 3854 1294 3926 ‘Abneigung’.

143 3923 264 3992 aliquas,
282 3929 297 3989 §
316 3929 350 3976 59
368 3925 394 3979 si
411 3925 570 3993 aliquando.
795 3926 1037 3980 crudelitatem.
1066 3925 1130 3995 Vgl.
1141 3925 1201 3980 Cat.
1214 3944 1250 3980 m.
1261 3932 1276 3992 §
1288 3932 1321 3980 75

181 3996 276 4048 nacti
299 4011 409 4049 snmus
429 3994 581 4065 ‘gefunden
599 3995 703 4050 habcn’
759 3998 963 4051 crudelissimus
989 3997 1081 4051 hasim.
1117 3996 1199 4050 Auch
1225 3995 1321 4050 Livius

144 4063 236 4118 durch
254 4064 345 4118 Zufall
365 4065 432 4119 oder
451 4065 549 4120 Gldck.
760 4085 773 4121 s
793 4066 867 4120 richt
880 4066 911 4122 in
925 4066 1017 4123 seiner
1031 4065 1257 4122 Charakteristik
1272 4068 1321 4122 des

183 4136 293 4190 iumen
312 4135 506 4190 ‘lerrchtcndes
524 4136 665 4192 Vorbild’.
790 4180 796 4191 .
820 4137 906 4208 (XXI,
925 4139 953 4208 4)
980 4155 1034 4192 von
1064 4138 1141 4193 einer
1167 4140 1322 4193 inhumana

182 4239 268 4310 aas.
307 4241 335 4296 a
355 4241 512 4309 naaria,
536 4243 588 4297 rr.
614 4243 709 4310 aura,
762 4209 918 4265 mim·

96 4305 100 4314 '
146 4315 277 4374 nu§18.
797 4314 874 4385 §aa
901 4314 1135 4387 ois‘Wirkung'.
1163 4316 1321 4371 Daserste

183 4383 370 4471 memoriam
378 4391 517 4454 usurpet
528 4384 708 4455 ‘gedanken'‚
762 4387 804 4440 ael
821 4385 860 4440 ist
879 4386 1030 4456 steigernd.
1413 4408 1415 4412 ’
