2910 4716
170 224 214 287 60
234 218 236 222 ’
263 192 265 196 ⁴
563 216 783 276 casurusne
802 220 967 285 Auroram

168 407 227 449 nec
254 406 304 469 ca,
327 406 409 468 quae
437 385 477 448 ab
506 405 543 446 ea
564 405 747 468 monemur,
775 383 931 447 audimus.
977 382 1039 447 Est
1067 384 1153 447 enim
1184 385 1293 448 varius
1318 391 1351 465 et

169 473 342 556 multiplex
364 494 443 537 usus
467 472 641 557 amicitiae,
664 471 849 555 multaeque
872 493 985 536 causae
1009 472 1230 556 suspicionum
1254 474 1352 538 offen-

171 562 363 645 sionumque
391 563 521 644 dantur,
550 582 630 644 quas
657 564 729 624 tum
757 560 890 645 evitare,
917 564 988 624 tum
1012 560 1151 644 elevare,
1173 565 1245 625 tum
1268 562 1354 627 ferre

171 651 326 735 sapientis
355 654 412 713 est.
457 648 532 713 Una
559 649 615 713 illa
639 648 835 713 sublevanda
859 649 993 713 offensio
1018 652 1080 733 est,
1108 653 1145 713 ut
1169 654 1201 714 et
1224 651 1352 716 utilitas

170 739 204 803 in
232 738 376 802 amicitia
405 741 436 801 et
463 738 543 801 fides
570 737 761 823 retineatur3
788 759 863 800 nam
893 741 924 800 et
952 737 1104 801 monendi
1132 738 1228 802 amici
1258 761 1352 824 saepe

171 831 248 892 sunt
277 831 310 892 et
340 825 546 912 obiurgandi,
577 830 609 890 et
639 826 718 889 haee
745 825 930 910 accipienda
958 826 1073 910 amice,
1101 847 1173 890 cum
1197 826 1352 892 benevole

170 916 261 979 fiunt.
308 912 367 980 89.
404 913 467 978 Sed
494 914 603 978 nescio
628 937 691 998 quo
715 913 821 978 modo·
836 936 948 978 verum
971 918 1033 999 est,
1057 915 1144 998 quod
1167 915 1200 979 in
1224 914 1351 980 Andria

163 1003 344 1068 ¹familiaris
367 1024 458 1066 meus
482 1003 573 1067 dicit:
620 1077 622 1080 Α
1150 1069 1153 1076 ,

325 1090 558 1176 Obsequium
581 1091 736 1175 amicos,
764 1090 909 1155 veritas
937 1090 1065 1154 odium
1092 1091 1203 1175 parit.

171 1179 314 1245 Molesta
338 1180 465 1264 veritas,
489 1179 648 1264 siquidem
668 1201 707 1243 ex
726 1201 763 1244 ea
780 1179 925 1243 nascitur
944 1179 1062 1265 odium,
1086 1180 1173 1264 quod
1192 1184 1241 1246 est
1261 1203 1354 1246 vene-

171 1291 249 1333 num
273 1268 449 1353 amicitiae,
478 1270 534 1332 sed
558 1269 748 1352 obsequium
771 1268 875 1332 multo
897 1268 1080 1353 molestius,
1104 1269 1191 1352 quod
1212 1270 1353 1353 peccatis

174 1357 345 1442 indulgens
364 1357 574 1440 praecipitem
593 1357 731 1420 amicum
750 1357 828 1420 ferri
847 1357 938 1440 sinit3
961 1378 1113 1420 maxuma
1132 1361 1239 1421 autem
1258 1359 1353 1442 culpa

174 1446 208 1509 in
232 1467 283 1530 eo,
307 1445 363 1529 qui
387 1449 419 1508 et
442 1445 611 1509 veritatem
635 1448 825 1529 aspamatur
848 1449 880 1509 et
903 1445 937 1508 in
960 1445 1107 1508 fraudem
1131 1445 1285 1529 obsequio
1305 1448 1354 1511 in-

172 1534 314 1617 pellitur.
361 1531 457 1597 Omni
487 1535 589 1618 igitur
618 1533 678 1598 hac
708 1533 742 1596 in
771 1555 806 1596 re
835 1532 983 1597 habenda
1012 1533 1097 1598 ratio
1128 1538 1159 1597 et
1183 1534 1353 1620 diligentia

172 1627 242 1707 est,¹
257 1623 399 1707 primum
426 1627 463 1686 ut
491 1622 628 1687 monitio
656 1622 845 1708 acerbitate,
873 1622 987 1686 deinde
1009 1625 1046 1686 ut
1070 1622 1254 1708 obiurgatio
1278 1646 1352 1688 oon·

173 1711 307 1775 tumelia
331 1715 451 1794 careat3
474 1711 508 1775 in
532 1711 686 1794 obsequio
710 1714 832 1796 autem,
858 1711 1011 1794 quoniam
1035 1710 1228 1777 Terentiano
1252 1713 1352 1777 verbo

171 1799 320 1864 lubenter
347 1799 484 1884 utimur,
511 1801 665 1864 nimirum
692 1799 827 1863 comitas
855 1799 953 1885 adsit,
978 1799 1172 1884 adsentatio,
1196 1801 1352 1865 vitiorum

171 1887 327 1968 adiutrix,
359 1888 473 1970 procul
505 1892 704 1973 amoveatur,
738 1909 818 1971 quae
850 1909 915 1951 non
947 1887 1043 1951 modo
1076 1887 1193 1972 amico,
1226 1889 1283 1952 sed
1310 1911 1353 1953 ne
1427 1886 1431 1895 '

172 1975 274 2040 libero
299 1976 429 2059 quidem
453 1976 550 2061 digna
574 1980 636 2061 est3
665 1977 760 2041 aliter
783 1976 867 2039 enim
891 1997 964 2039 cum
986 1979 1134 2060 tyranno,
1158 1975 1253 2039 aliter
1276 1998 1351 2042 cum

172 2064 276 2128 amico
307 2064 436 2128 vivitur.
483 2062 542 2131 99.
580 2065 679 2129 Cuius
708 2068 816 2128 autem
844 2085 937 2129 aures
962 2064 1089 2129 clausae
1112 2063 1242 2128 veritati
1267 2070 1354 2151 sunt,

172 2156 210 2216 ut
234 2153 274 2216 ab
298 2153 401 2217 amico
425 2175 536 2218 verum
556 2154 666 2217 audire
685 2157 832 2238 nequeat,
854 2153 952 2217 huius
972 2153 1058 2217 salus
1078 2152 1275 2236 desperanda
1294 2158 1352 2218 est.

172 2240 297 2306 Scitum
321 2245 370 2305 est
394 2241 479 2306 enim
502 2242 584 2306 illud
603 2241 735 2306 Catonis
759 2246 796 2306 ut
819 2241 936 2306 multa:
961 2241 1111 2305 ‘melius
1131 2242 1174 2304 de
1189 2241 1353 2344 ,quibus—

212 2484 248 2521 ca
276 2484 412 2535 qaae-
430 2484 604 2534 ntoaemar,
632 2468 671 2521 im
697 2468 731 2522 D.
817 2469 1042 2537 praecipitem
1059 2469 1148 2535 ferri
1168 2467 1350 2538 ‘j'ahlingsin

172 2536 350 2593 Substantia:
367 2537 732 2608 ‘ihreMahnungen’,ntm·
787 2538 837 2591 das
857 2537 1021 2591 Venderben
1040 2540 1174 2594 sttirzen'.

170 2606 241 2677 lich,
262 2608 324 2662 dass
343 2607 389 2662 die
408 2609 614 2664 Freundschaft
631 2612 732 2663 unent-
820 2610 982 2676 fraudem.
1025 2608 1082 2663 Das
1106 2610 1190 2665 Wort
1214 2609 1353 2664 bedentet

171 2678 299 2733 behrlich
318 2679 366 2735 sei.
785 2679 865 2734 nicht
890 2678 963 2733 blois
985 2681 1104 2751 Betrug,
1131 2681 1253 2735 sondem
1277 2681 1350 2735 auch

207 2767 290 2805 naas
304 2752 476 2806 amicitiae
490 2751 667 2805 ‘Verhehrin
676 2753 730 2807 -'.
787 2751 842 2805 den
856 2751 945 2804 durch
955 2750 1010 2804 den
1018 2751 1125 2820 Betrug
1135 2751 1351 2821 angerichteten

173 2820 237 2891 Vgl.
256 2827 271 2887 ξ
290 2826 324 2875 86
342 2824 384 2877 rei
403 2853 436 2863 -
455 2823 570 2876 iniuria.
787 2820 942 2875 Schaden
960 2822 1028 2874 oder
1045 2821 1232 2876 Nachteil..

207 2893 405 2961 multaeqae‘
415 2892 733 2962 undinfolgedessen-'.
823 2892 975 2946 habenda
988 2893 1118 2947 ratioet
1131 2893 1227 2963 dilip.
1239 2892 1355 2946 ‘darauf

214 2962 286 3016 Uaa
305 2964 370 3017 illa
382 2961 410 3016 ff.
433 2963 515 3032 ‘ganz
529 2963 682 3017 besonders
697 2962 735 3015 ist
789 2960 945 3014 Rticksicht
958 2961 1078 3014 nehmen
1092 2962 1150 3014 und
1159 2962 1212 3015 mit
1227 2961 1356 3032 Sorgfalt

173 3030 305 3101 folgende
333 3032 386 3086 Art
418 3033 467 3085 des
495 3034 554 3100 -’;
587 3034 637 3086 illa
664 3032 735 3084 wird
789 3031 893 3085 darauf
901 3031 1024 3099 achten',
1035 3030 1081 3084 ein
1090 3031 1208 3086 leiohtes
1218 3032 1354 3102 Zeugma,

174 3102 262 3155 durch
285 3119 351 3156 anm
369 3101 397 3156 ff.
421 3103 509 3155 n'aher
537 3102 656 3157 erkl‘a'crt:
684 3102 735 3155 wir
790 3101 827 3154 da
851 3118 917 3154 man
942 3119 995 3154 nur
1021 3103 1157 3157 adbibere
1179 3102 1356 3174 diiipeatiam

174 3171 264 3225 sollen
294 3172 419 3226 ntmlich
451 3172 491 3226 im
519 3173 645 3226 Warnen
676 3173 735 3227 und
790 3173 863 3241 sagt.

173 3242 736 3314 Tadeln,wozuderaufrichtigeFreund
824 3244 983 3298 nicotrum
1003 3242 1133 3297 ‘allerdin
1154 3245 1188 3298 s’.

174 3312 234 3367 sich
261 3313 348 3368 ofters
369 3314 523 3370 veranlasst
545 3314 632 3384 sieht,
658 3314 738 3368 nicht
826 3331 892 3368 aon
910 3315 1002 3369 niodo
1023 3313 1080 3368 ‘ich
1088 3263 1241 3369 wilinicht
1255 3331 1355 3385 sagen,

176 3402 209 3438 zu
225 3385 321 3439 scharf
332 3385 488 3454 verfahren,
508 3385 678 3439 andrerseits
693 3387 736 3455 (ct)
791 3384 871 3438 nicht
889 3385 983 3439 etwa’.

124 3481 127 3486 ·
174 3456 248 3509 muls
280 3456 329 3510 der
355 3456 468 3510 Preund
499 3455 640 3526 derartige
668 3455 737 3510 Vor-
828 3457 934 3510 libero
953 3455 1181 3510 substantivisch.

176 3526 336 3596 stellungen
350 3529 433 3596 (baec,
448 3545 482 3580 zu
495 3533 537 3593 §6
551 3529 610 3597 boc)
624 3526 737 3582 freund-
827 3543 898 3580 cam
916 3533 1075 3596 tyranno,
1093 3525 1141 3579 bei
1154 3526 1289 3580 walchem
1306 3525 1357 3580 die

174 3596 232 3650 lich
250 3596 429 3651 hinnehmen.
792 3598 939 3653 assentatio
966 3613 1020 3650 von
1052 3595 1142 3650 seiten
1175 3597 1224 3650 der
1250 3596 1357 3650 Unter-

209 3674 238 3722 et
256 3684 336 3722 moa.
356 3700 389 3708 —
409 3676 438 3724 et
457 3669 584 3738 obiary.
604 3675 633 3723 et
650 3670 736 3723 baec.
791 3667 898 3721 thanen
917 3666 1067 3720 erkl'arlich
1085 3666 1131 3722 ist.

173 3737 231 3791 Das
264 3740 337 3792 erste
369 3746 394 3794 et
424 3737 653 3808 korrespondiert
682 3738 736 3793 mit
1357 3754 1360 3759 ·

155 3802 237 3862 'dem
257 3809 371 3864 dritten.
842 3808 920 3880 590.
941 3809 1206 3864 Gaias-baias.
1226 3809 1357 3863 Beachte·

789 3879 835 3932 die
866 3879 906 3932 im
932 3878 1131 3934 lateinischen
1159 3879 1357 3961 gewbhnliche

208 3951 225 4020 θ
249 3950 298 4005 89.
341 3952 477 4006 Andria
506 3951 567 4005 ‘das
595 3950 735 4005 M'adchen
789 3950 1011 4019 Voranstellung
1030 3951 1078 4004 des
1092 3951 1231 4005 relat1ven
1245 3951 1356 4004 Satzes..

172 4036 226 4073 von
247 4020 378 4090 Andros’,
406 4021 451 4075 die
479 4024 551 4075 erste
579 4023 629 4075 der
655 4022 734 4075 sechs
825 4022 914 4075 illud
935 4021 1086 4088 (latonia,
1105 4040 1139 4075 zu
1158 4029 1172 4087 ξ
1192 4028 1225 4075 26
1245 4022 1323 4076 illud.

58 4092 60 4097 '
172 4090 329 4144 Komodien
356 4092 404 4145 des
431 4093 461 4147 P.
491 4092 639 4146 Terentius
667 4092 735 4146 Afer
824 4098 860 4147 at
887 4093 992 4147 malta
1019 4092 1083 4146 ‘wie
1108 4091 1179 4146 viele
1206 4092 1356 4146 andere’.v

172 4164 235 4287 {pus
262 4161 408 4232 Karthago
437 4168 578 4217 rao-159
602 4181 627 4218 v.
652 4163 733 4232 Chr).
790 4161 873 4216 Catos
906 4164 980 4218 dicta
1004 4166 1057 4286 ¹San
1085 4166 1148 4232 51)
1181 4163 1249 4217 oder
1280 4163 1357 4216 ἀπο-

199 4233 250 4286 ber
269 4231 329 4286 sein
342 4232 506 4287 Verhtltnis
520 4252 554 4286 zu
569 4233 663 4302 Scipio
677 4234 735 4287 und
790 4230 941 4303 φθέγματα
949 4252 1009 4287 wur
1030 4250 1085 4287 ens
1107 4233 1356 4303 ttergesammelt,

166 4303 269 4356 Lalius
288 4321 310 4357 s.
329 4302 404 4358 Einl.
424 4310 449 4358 3.
789 4303 842 4357 wie
862 4305 935 4358 auch
953 4304 1022 4359 Cato
1042 4251 1131 4358 solist
1149 4304 1195 4358 die
1214 4306 1289 4360 dicta
1304 4321 1356 4358 an·

84 4378 111 4431 ι
193 4373 395 4440 obsequium
419 4373 695 4448 ‘Nachgiebigheit’.
791 4375 871 4429 deret
891 4374 1056 4446 gesammelt
1073 4375 1161 4429 hatte.
