2910 4716
142 234 186 298 64
527 232 679 286 LAELIUS
697 231 746 287 DE
764 230 930 286 AMICITIA

141 397 219 461 cltia
241 395 311 460 fieri
336 399 472 480 oportet,
496 416 578 478 quae
600 397 671 458 tota
691 393 827 457 veritate
848 394 1081 477 perpenditur?
1104 395 1139 459 in
1163 418 1226 480 qua
1245 395 1319 479 nisi,

141 489 178 549 ut
211 484 342 568 dicitur,
380 487 527 568 apertum
559 486 671 566 pectus
704 481 813 546 videas
845 486 1001 566 tuumque
1039 484 1203 568 ostendas,
1236 484 1321 548 nihil

141 574 257 658 fidum,
285 572 369 637 nihil
397 572 599 656 exploratum
622 570 754 655 habeas,
782 593 822 634 ne
846 592 953 634 amare
977 571 1106 655 quidem
1129 577 1186 637 aut
1209 574 1321 657 amari,

144 684 230 746 oum,
258 660 293 724 id
322 683 419 745 quam
442 681 516 725 vere
538 660 609 743 fiat,
634 659 772 744 ignores,
819 657 1020 743 Quamquam
1042 661 1106 725 ista
1128 662 1321 745 adsentatio,

146 749 294 834 quamvis
312 749 494 833 perniciosa
513 748 566 833 sit,
587 769 702 812 nocere
720 751 830 811 tamen
847 748 1097 835 neminipotest
1115 750 1179 814 nisi
1203 750 1241 834 ei,
1265 750 1322 834 qui

144 860 214 902 eam
241 839 356 921 recipit
384 841 481 921 atque
509 859 546 902 ea
575 835 759 901 delectatur.
805 832 857 900 Ita
878 837 926 920 fit,
948 841 985 900 ut
1009 838 1037 901 is
1061 838 1321 903 adsentatoribus

142 927 316 1012 patefaciat
344 947 437 990 aures
466 948 540 990 suas
568 925 722 1010 maxime,
749 925 806 1009 qui
832 924 902 1008 ipse
931 925 993 989 sibi
1021 927 1209 992 adsentetur
1232 931 1263 992 et
1287 948 1321 992 se

143 1015 283 1079 maxime
319 1015 388 1098 ipse
426 1015 569 1079 delectet.
623 1011 681 1078 98.
725 1011 864 1077 Omnino
897 1017 945 1078 est
977 1036 1088 1079 amans
1121 1017 1172 1081 sui
1204 1016 1323 1101 virtus3

144 1107 275 1188 optume
305 1104 391 1166 enim
419 1125 453 1167 se
483 1104 555 1188 ipsa
582 1102 686 1185 novit,
714 1123 875 1185 quamque
897 1103 1046 1167 amabilis
1070 1104 1129 1187 sit,
1152 1104 1322 1190 intellegit.
1382 1166 1384 1170 .

143 1192 216 1277 Ego
236 1197 344 1256 autem
363 1213 428 1256 non
448 1191 487 1255 de
505 1191 625 1256 virtute
644 1212 730 1255 nunc
747 1190 873 1274 loquor,
892 1191 947 1254 sed
963 1192 1001 1255 de
1014 1191 1146 1256 virtutis
1161 1193 1322 1277 opinione.

144 1280 276 1344 Virtute
307 1281 393 1344 enim
424 1280 496 1364 ipsa
522 1302 588 1344 non
616 1284 683 1342 tam
711 1278 808 1343 multi
834 1279 974 1363 praediti
1001 1301 1071 1346 esse
1098 1303 1196 1365 quam
1219 1281 1323 1346 videri

144 1369 267 1433 volunt.
312 1368 383 1432 Hos
408 1367 546 1433 delectat
568 1367 763 1451 adsentati0,
781 1367 837 1431 ‘his
860 1368 955 1432 fictus
979 1368 1020 1432 ad
1043 1370 1188 1452 ipsorum
1210 1370 1323 1434 volun-

144 1461 245 1522 tatem
274 1478 378 1521 sermo
407 1479 479 1520 cum
508 1456 691 1540 adhibetur,
719 1456 899 1520 orationem
926 1457 1016 1520 illam
1039 1481 1155 1523 vanam
1177 1459 1323 1539 testimo-

144 1546 235 1610 nium
259 1567 328 1609 esse
349 1545 482 1609 laudum
502 1567 633 1609 suarum
655 1548 779 1628 putant.
824 1543 925 1610 Nulla
948 1549 997 1610 est
1020 1546 1121 1633 igitur
1143 1547 1222 1611 haec
1245 1547 1323 1610 ami-

145 1635 236 1720 citia,
264 1655 337 1698 cum
360 1635 442 1698 alter
464 1656 576 1698 verum
599 1634 710 1698 audire
732 1655 798 1698 non
822 1634 905 1718 vult,
935 1634 1017 1699 alter
1040 1636 1080 1698 ad
1102 1636 1323 1700 mentiendum

144 1726 276 1807 paratus
305 1726 362 1786 est.
408 1721 478 1788 Nec
505 1723 722 1806 parasitorum
750 1722 785 1786 in
813 1722 987 1787 comoediis
1016 1724 1197 1789 adsentatio
1221 1725 1325 1788 faceta

145 1812 240 1875 nobis
264 1811 435 1895 videretur,
458 1811 521 1874 nisi
546 1815 652 1875 essent
675 1811 795 1874 milites
819 1811 962 1895 gloriosi.

236 1899 394 1983 Magnas
419 1921 510 1963 vero
534 1920 646 1983 agere
669 1899 817 1982 gratias
841 1897 956 1962 Thais
980 1899 1097 1963 mihi?

147 1985 233 2051 Satis
257 1990 327 2051 erat
349 1987 554 2070 respondere:
579 1987 781 2071 ‘magnas'3
805 1986 1029 2071 ‘ingentes',
1052 1987 1168 2071 inquit.
1191 1986 1326 2070 Semper

147 2079 243 2159 auget
267 2075 453 2139 adsentator
475 2075 518 2159 id,
541 2075 629 2158 quod
650 2075 687 2158 is,
711 2074 802 2138 cuius
826 2074 866 2138 ad
883 2074 1084 2140 voluntatem
1103 2076 1230 2160 dicitur,
1254 2078 1326 2141 vult

147 2184 217 2227 esse
248 2185 411 2248 magnum.
457 2161 516 2228 99.
558 2162 661 2239 Quam
694 2163 735 2227 ob
768 2185 853 2246 rem,
886 2185 1082 2247 quamquam
1112 2164 1232 2229 blanda
1262 2165 1327 2229 ista

148 2251 275 2317 vanitas
305 2251 391 2336 apud
421 2274 475 2316 eos
506 2253 604 2337 valet,
635 2252 692 2336 qui
711 2252 784 2336 ipsi
813 2252 903 2315 illam
934 2252 1095 2317 adlectant
1123 2257 1155 2317 et
1177 2253 1325 2337 invitant,

148 2343 256 2404 tamen
289 2341 386 2403 etiam
417 2342 580 2425 graviores
612 2340 909 2424 constantioresque
941 2341 1134 2406 admonendi
1167 2345 1256 2426 sunt,
1288 2345 1325 2405 ut

147 2428 412 2512 animadvertant,
435 2451 476 2493 ne
500 2429 614 2493 callida
633 2429 854 2493 adsentatione
873 2430 1049 2513 capiantur.
1095 2429 1216 2514 Aperte
1239 2431 1325 2494 enim

143 2637 149 2647 ⁸
180 2621 402 2689 perpenditur
419 2618 450 2673 in
470 2620 534 2675 dem
549 2619 634 2674 Sinne
652 2636 707 2674 von
798 2621 920 2687 Nulla,
956 2621 1011 2691 vgl.
1040 2627 1055 2688 5
1084 2627 1117 2676 86
1152 2624 1239 2677 eitam
1271 2638 1325 2677 esse

147 2692 244 2746 mettri.
390 2735 392 2739 .
762 2687 877 2747 nullom.

183 2768 220 2816 ut
237 2763 380 2830 dicitur,
399 2780 433 2815 zu
451 2769 466 2828 5
487 2768 519 2816 19
538 2768 570 2817 ut
587 2763 677 2817 uiuat.
798 2763 868 2817 uisi
885 2769 995 2818 esseut
1013 2781 1049 2817 se.
1070 2765 1104 2831 et,
1123 2765 1222 2832 quibua
1237 2779 1324 2832 paro-

184 2840 335 2901 opertum
358 2840 476 2903 pectus
503 2834 632 2900 uideas,
658 2832 710 2886 wir
762 2835 811 2889 etti
828 2840 1011 2889 osseatoatur.

149 2919 251 2973 sagen:
271 2903 325 2957 ‘ins
344 2904 415 2971 Herz
435 2903 542 2958 sehen’.
799 2906 924 2959 milites
941 2905 1087 2974 gloriosi
1106 2904 1323 2974 ‘grosssprecho

185 2977 468 3030 amore—amori.
506 2973 710 3028 ‘Liebe—Ge-
763 2974 855 3028 rische
875 2974 913 3028 S!
951 2973 1005 3026 Ein
1028 2973 1137 3028 solcher
1154 2975 1325 3028 Bramarbas

149 3043 299 3113 genIIebe’.
739 3085 742 3090 .
764 3046 803 3099 tst
816 3044 923 3097 Thraso
942 3044 1071 3114 (θρασύς)
1089 3043 1129 3097 im
1142 3043 1261 3098 Eunuch
1277 3045 1327 3098 des

186 3115 222 3167 td
239 3113 278 3168 ist
292 3114 397 3184 Objelrt
412 3114 466 3169 mit
480 3115 544 3169 dem
558 3114 711 3169 erl'autern-
765 3116 883 3183 Terenz,
912 3131 962 3168 aus
990 3114 1124 3168 walchem
1152 3114 1256 3168 Stdcke
1279 3116 1328 3184 (HI

151 3185 205 3239 den
224 3184 325 3238 Zusatz
349 3203 431 3254 quam
453 3203 513 3241 cere
535 3187 585 3254 ttut
605 3184 712 3240 ‘inwie-
767 3184 1200 3256 1,1)derfolgendeSenarist.
1228 3184 1328 3240 Dieser

151 3254 219 3309 weit
237 3254 297 3310 dies
317 3255 420 3310 Geftihl
439 3256 573 3311 aufrichti
610 3256 669 3311 ist'.
765 3257 817 3311 hat
836 3256 924 3310 durch
942 3256 1039 3310 seinen
1051 3255 1200 3310 Parasiten
1215 3255 1328 3311 Gnatho

186 3327 203 3397 ἕ
222 3327 271 3382 98.
311 3327 451 3383 Oocaiao
476 3327 530 3382 mit
551 3275 713 3400 folgendem
768 3327 887 3452 godone
900 3326 1097 3398 Kinnbacken)
1116 3328 1166 3381 der
1180 3327 1266 3381 Thais
1281 3327 1328 3382 ein

151 3404 241 3452 eutem
261 3397 449 3469 ‘allerdings',
468 3417 502 3452 au
521 3405 536 3466 5
555 3404 597 3453 69.

64 3525 66 3530 ,
186 3470 223 3523 de
241 3471 384 3525 certatis
401 3471 559 3539 opinione
580 3470 644 3523 ‘von
663 3469 713 3522 der
766 3467 1328 3538 vonihmBerichtdaritber,wiediese

152 3538 362 3610 eingebildeten
376 3540 514 3609 Tugend’.
534 3541 566 3593 In
581 3540 713 3594 auderem
767 3556 796 3594 es
816 3539 1032 3609 autgenommen
1049 3538 1131 3594 habe.

153 3608 333 3675 Sinne537.
697 3620 699 3625 ·
803 3610 950 3680 Mupaoa
973 3626 1048 3664 cero
1071 3610 1240 3681 operest>
1264 3613 1329 3680 sagt

192 3680 326 3735 Virtute
349 3711 384 3720 —
403 3682 559 3749 praediti
586 3679 712 3750 (‘wirk-
766 3679 963 3734 mirwirlrlioh
975 3681 1030 3735 —'.
1050 3680 1106 3735 Der
1119 3679 1242 3735 Infinitiv
1258 3683 1329 3735 statt

152 3749 223 3802 lich
241 3750 372 3820 begabt
385 3752 443 3821 —')
463 3751 539 3805 steht
553 3751 714 3823 gegennber
769 3752 817 3806 des
827 3750 984 3805 Indikativs
997 3752 1069 3806 malt
1081 3751 1127 3805 die
1136 3750 1330 3822 ungeduldigc

153 3820 217 3873 dem
230 3823 319 3876 uideri
333 3839 369 3876 sc.
376 3824 501 3891 praediti
511 3839 572 3877 esse.
583 3821 713 3890 Aeschyl.
767 3823 840 3877 Hast
863 3823 917 3876 des
935 3823 1101 3904 Fragenden
1124 3822 1189 3893 (vgl.
1210 3823 1265 3876 den
1285 3822 1330 3876 In-

154 3888 227 3960 Sept.
255 3898 307 3945 574
335 3894 376 3947 Οὐ
403 3892 456 3963 γὰρ
482 3895 577 3948 δοκεῖν
603 3893 715 3962 ἄριστος
768 3893 891 3948 finitivus
911 3893 1095 3962 descnptivus
1113 3893 1143 3947 in
1157 3894 1206 3947 der
1219 3892 1329 3947 lebhaf·

152 3959 212 4014 ἀλλ’
234 3958 308 4017 εἶναι
326 3960 411 4018 θέλει.
728 4026 731 4032 ,
768 3967 817 4019 ten
835 3963 1038 4034 Schilderung).

132 4084 134 4088 ,
189 4034 369 4089 adhibetur
384 4033 636 4105 ‘gerichtetwird’.
656 4034 713 4088 Das
804 4035 885 4158 ῗ99.
923 4035 1095 4091 adlectant
1117 4036 1331 4102 attonitam,

138 4102 235 4175 ,Wort
257 4103 393 4159 bedentet
415 4108 498 4174 stets,
527 4124 591 4159 zum
615 4105 715 4160 Unter-
768 4124 825 4175 vg.
845 4105 904 4160 Cat.
924 4124 960 4159 m.
979 4111 1042 4171 557
1062 4106 1163 4160 iuoitot
1181 4112 1261 4174 atque
1280 4106 1331 4160 od-

793 3398 915 3452 erchenk
929 3398 1050 3468 gesandt
1058 3399 1117 3451 und
1130 3400 1329 3453 erwartetnun

154 4172 267 4228 sohtede
298 4191 352 4228 von
383 4177 440 4243 uti,
471 4176 651 4245 gebrauchen
681 4194 715 4229 zu
769 4178 854 4232 lectat.

153 4243 715 4315 einembestimmtenZweclre,hier,
804 4265 842 4322 pe
857 4278 891 4288 -
905 4248 1096 4316 capiantur.
1133 4245 1190 4299 Das
1208 4245 1274 4299 Bild
1292 4246 1333 4301 ist
1378 4280 1381 4285 -

148 4331 194 4365 um
213 4315 258 4368 sie
277 4317 404 4372 dadurch
423 4336 458 4372 zu
475 4317 633 4389 gewinnen.
768 4335 822 4373 von
841 4318 891 4373 der
907 4317 925 4371 J
932 4317 997 4388 agd
1016 4317 1156 4373 entlehnt:
1195 4317 1269 4370 ‘dass
1290 4317 1331 4372 sie

169 4383 316 4442 laudum
339 4388 503 4462 ‘Vorzr'r'ge'.
771 4389 834 4445 sich
844 4388 994 4443 nichtnon
1005 4387 1329 4457 denhletnenffichlin-
