2910 4716
162 221 204 285 58
407 196 420 248 '·
544 219 696 292 arsurus
716 219 764 273 os
784 220 948 274 inicum

157 383 374 467 praeposteris
402 383 487 446 enim
514 382 638 446 utimur
661 381 804 446 consiliis
828 386 861 446 et
883 386 954 447 acta
977 382 1116 468 agimur,
1141 381 1227 466 quod
1250 385 1337 446 veta-

157 495 230 536 mur
257 475 363 535 vetere
390 471 585 556 proverbio„
616 469 703 536 Nam
729 471 888 554 implicati
915 470 1001 535 ultro
1030 475 1062 535 et
1090 471 1170 535 citro
1199 471 1251 535 vel
1273 492 1337 535 usu

158 559 310 624 diuturno
339 559 390 624 vel
417 560 515 623 etiam
545 559 661 623 officiis
691 563 822 642 repente
851 560 886 622 in
915 559 1021 623 medio
1051 581 1146 624 cursu
1175 559 1335 626 amicitias

156 647 269 713 exorta
291 649 400 731 aliqua
423 646 598 712 offensione
623 647 861 731 disrumpimus.
1375 721 1381 732 ²

244 735 364 800 XXIII.
411 735 469 801 86.
502 735 572 813 Quo
592 737 689 799 etiam
707 737 811 820 magis
830 735 1042 819 vituperanda
1060 740 1111 800 est
1128 737 1175 799 rei
1194 736 1335 800 maxime

155 826 351 890 necessariae
383 828 474 889 tanta
505 825 637 888 incuria.
691 823 766 889 Una
797 829 847 888 est
878 825 964 888 enim
997 821 1139 894 amicitia
1170 825 1204 888 in
1236 824 1335 889 rebus

155 913 314 998 humanis,
338 913 376 977 de
395 914 485 977 cuiu's
499 912 641 977 utilitate
656 934 766 977 omnes
781 935 846 977 uno
861 935 916 977 ore
931 913 1145 977 consentiunt.
1176 912 1207 976 A
1221 912 1334 978 multis

155 1004 259 1067 virtus
283 1003 353 1086 ipsa
372 1003 588 1066 contemnitur
611 1005 644 1065 et
666 1001 843 1066 venditatio
868 1002 1023 1086 quaedam
1042 1005 1138 1085 atque
1158 1003 1335 1067 ostentatio

154 1113 224 1155 esse
252 1091 385 1174 dieitur3
416 1090 512 1154 multi
540 1089 669 1154 divitias
699 1090 891 1174 despiciunt,
924 1111 1005 1173 quos
1033 1111 1134 1173 parvo
1163 1094 1333 1155 contentos

154 1180 260 1243 tenuis
275 1181 393 1244 *vietus
421 1179 590 1263 cultusque
619 1179 768 1263 delectat3
799 1178 939 1243 honores
962 1200 1053 1262 vero,
1084 1200 1221 1262 quorum
1246 1180 1334 1263 cupi-

154 1268 254 1332 ditate
282 1267 412 1351 quidam
440 1267 704 1351 inflammantur,'
725 1289 821 1350 quam
848 1267 945 1331 multi
972 1268 1019 1330 ita
1041 1271 1265 1352 contemnunt,
1296 1271 1335 1332 ut

152 1355 236 1419 nihil
258 1357 395 1440 inanius,
416 1354 500 1419 nihil
523 1377 591 1419 esse
610 1355 713 1420 levius
732 1357 929 1420 existiment!
953 1356 1095 1438 itemque
1115 1359 1227 1440 cetera,
1251 1378 1333 1439 quae

154 1445 347 1528 quibusdam
371 1443 573 1507 admirabilia
595 1444 759 1528 videntur,
787 1444 942 1527 permulti
966 1448 1042 1508 sunt
1066 1445 1122 1528 qui
1145 1467 1204 1528 pro
1227 1445 1332 1509 nihilo

152 1536 281 1617 putent3
310 1533 348 1596 de
375 1533 518 1596 amicitia
545 1553 655 1596 omnes
684 1532 724 1596 ad
746 1555 847 1596 unum
870 1531 956 1597 idem
980 1533 1140 1616 sentiunt,
1164 1536 1197 1596 et
1218 1534 1252 1616 ii,
1276 1533 1333 1616 qui
1370 1588 1373 1593 ,

153 1622 194 1685 ad
219 1643 287 1685 rem
315 1621 479 1705 publicam
507 1642 540 1685 se
568 1622 787 1706 contulerunt,
816 1622 908 1705 etii,
936 1622 992 1705 qui
1015 1643 1123 1685 rerum
1147 1622 1332 1706 cognitione

132 1710 361 1794 doctrinaque
382 1709 588 1793 delectantur,
608 1714 640 1774 et
661 1711 691 1794 '‘,
715 1711 771 1793 qui
790 1731 884 1774 suum
903 1710 1070 1794 negotium
1090 1714 1208 1795 gerunt
1226 1711 1333 1794 otiosi,

151 1802 316 1882 postremo
343 1799 380 1883 ii,
404 1799 460 1882 qui
488 1820 522 1862 se
549 1801 637 1863 totos
665 1798 867 1862 tradiderunt
895 1798 1130 1884 voluptatibus,
1162 1799 1231 1862 sine
1255 1800 1332 1862 ami-

152 1886 228 1950 citia
251 1888 351 1951 vitam
379 1908 448 1950 esse
476 1885 611 1970 nullam,
640 1887 668 1949 si
695 1887 791 1950 modo
815 1885 916 1949 velint
943 1887 1051 1968 aliqua
1075 1907 1114 1948 ex
1136 1890 1228 1970 parte
1252 1886 1331 1950 libe-

151 1974 262 2038 raliter
284 1976 399 2038 rivere.
446 1972 504 2038 87.
542 1973 650 2058 Serpit
673 1975 758 2037 enim
777 1975 889 2045 ,nescio
910 1994 973 2057 quo
992 1973 1088 2037 modo
1107 1995 1165 2055 per
1184 1975 1332 2038 omniurn

150 2063 235 2140 ritas
272 2063 414 2127 amicitia
448 2083 508 2126 nec
538 2062 639 2125 ullam
675 2063 790 2126 aetatis
824 2061 984 2147 degendae
1016 2063 1175 2126 rationem
1206 2063 1332 2146 patitur
1402 2065 1405 2070 ’

151 2172 220 2215 esse
250 2155 412 2235 expertem
444 2151 503 2214 sui.
550 2149 762 2227 Quinetiam
793 2152 821 2216 si
851 2152 924 2234 quis
954 2151 1127 2234 asperitate
1158 2172 1195 2214 ea
1222 2155 1272 2215 est
1299 2155 1332 2216 et

148 2323 325 2379 klassischen
342 2323 483 2379 Larinieat
500 2343 554 2378 nur
572 2325 614 2379 als
628 2326 709 2378 Pas·
763 2327 848 2380 tatio
873 2325 946 2379 ‘eine
968 2325 1079 2379 blofse
1097 2324 1242 2379 Prahlerei
1269 2326 1328 2379 und

150 2393 258 2517 alludi
279 2395 446 2519 gemla
454 2396 514 2518 unp}
531 2396 708 2519 glewoshpllipg
762 2395 928 2521 prunltrepide
932 2396 1069 2520 {hrpiset
1080 2395 1170 2520 dDieT
1174 2398 1327 2478 venditatio

149 2482 189 2518 mr
259 2482 287 2516 m
390 2483 409 2518 n
554 2483 676 2520 ercu
781 2482 836 2520 re1s
899 2482 1325 2521 eoraeer.anu⁷1e

104 2569 107 2574 -
150 2535 199 2589 des
217 2534 385 2591 Bestraften.
446 2482 491 2535 gn
788 2536 919 2591 erlrtufer
937 2537 998 2592 ihre
1014 2485 1109 2592 dare.
1241 2509 1247 2535 ’
1322 2598 1326 2604 ,

181 2608 412 2675 praeposteris
438 2606 566 2663 utimar
597 2608 706 2662 roasi·
796 2609 909 2663 terrais
922 2609 1032 2663 rictas
1045 2608 1083 2662 ist
1092 2623 1175 2661 unser
1186 2608 1325 2662 ‘schmale

149 2678 208 2732 liis
229 2677 291 2730 ‘wir
312 2678 467 2748 iiberlegen
488 2697 523 2732 zu
545 2677 708 2733 verhehrter
760 2677 852 2734 Kost’.
889 2667 1096 2742 liberlealtas
1114 2697 1135 2734 s.
1155 2685 1170 2744 ξ
1188 2685 1231 2734 49.

148 2747 211 2803 Zeit
228 2748 265 2817 (d.
284 2749 311 2803 h.
330 2748 506 2818 hinterher)’.
613 2816 616 2824 ι
800 2767 875 2806 aero
895 2749 1046 2819 steigernd.

185 2826 260 2874 acta
296 2838 314 2874 a
341 2821 425 2875 imas
462 2820 507 2873 ein
541 2820 709 2889 0xymomn,
799 2838 908 2876 reram
930 2837 964 2874 eo
991 2822 1080 2876 aitio
1105 2821 1329 2890 doctrinaque

149 2837 372 2969 sprichwtrtiich
394 2889 425 2944 in
444 2890 605 2945 demselben
624 2890 709 2944 Sinne
766 2839 1046 2945 ‘wissenschaftiiche
1065 2891 1250 2971 Forschung’.

147 2975 201 3012 wre
234 2963 418 3028 praeposteris
450 2962 556 3016 utimar
587 2962 710 3015 eorrsiliis
799 2979 893 3015 saara
910 2978 948 3015 rre
972 2961 1326 3031 .peraat‘1hreneige-

103 3103 111 3118 ι
148 3056 182 3076 =
213 3029 275 3082 ‘wir
306 3030 408 3083 wellen
436 3029 630 3126 Geschehenes
658 3047 709 3082 un·
762 3047 819 3085 nen
837 2979 1007 3114 deschthten
1025 3030 1212 3112 nachgehen'3

148 3098 326 3251 cerritu
342 3099 710 3225 armentaria
765 3099 1326 3242 tirerutremensi:

147 3241 286 3295 manchon
311 3259 341 3295 rn
366 3241 442 3312 gross
464 3241 535 3295 Leid
559 3241 707 3312 gebracht’
764 3242 841 3314 (Ggs.
862 3244 1005 3312 occupati).
1063 3252 1068 3261 '

148 3312 206 3365 und
229 3312 280 3366 das
303 3312 477 3367 homerische
501 3311 603 3384 ρεχθὲν
626 3311 659 3367 δέ
679 3332 709 3367 τε
799 3316 903 3370 citare
929 3331 997 3370 esse
1021 3313 1151 3369 arellam
1178 3314 1233 3385 vgl.
1258 3321 1326 3381 §22

148 3382 249 3451 νήπιος
267 3383 344 3454 ἔγνω,
764 3387 813 3454 qai
826 3391 915 3453 potest
933 3402 987 3439 esse
1004 3386 1063 3439 rita
1080 3385 1193 3439 citatis?

182 3455 372 3523 implicati
416 3455 482 3524 ‘eng
524 3455 708 3525 verbunden’,
799 3456 1006 3521 liberaliter,
1042 3454 1096 3508 wie
1128 3470 1158 3508 es
1191 3455 1251 3508 sich
1282 3455 1328 3509 fur

148 3524 302 3594 cigentlich
321 3551 355 3571 =
375 3524 577 3595 eingewickelt.
764 3526 846 3580 einen
881 3524 971 3579 freien
1007 3525 1159 3579 Menschen
1196 3525 1326 3595 geriemt,

183 3597 273 3650 altro
296 3602 326 3650 et
348 3597 434 3650 citro
456 3594 711 3666 (‘wechselseitig’)
767 3596 952 3666 ‘anst'andig’.

147 3666 710 3732 hicetiltr'e,hrreetillaewerdenvon
800 3667 885 3738 587.
924 3665 1327 3738 Serpitffhieringutem
1426 3678 1430 3684 “

112 3802 114 3806 .
147 3735 243 3808 Cicero
257 3736 338 3791 nicht
352 3736 533 3806 asyndetisch
545 3737 709 3807 gebraucht.
765 3737 850 3792 Sinne
869 3740 901 3808 (s.
921 3744 936 3803 ς
951 3741 996 3808 41)
1015 3736 1112 3808 ‘greift
1130 3737 1326 3809 (unmerklich)

182 3806 709 3878 officiis‘Gefrtlliglreiten'‚vgl.§49.
765 3808 811 3881 ein
829 3808 859 3861 in
878 3809 933 3862 alle
951 3808 1266 3863 Lebensverhitltnisse’.

182 3879 272 3949 586.
321 3879 389 3949 Quo
421 3881 521 3934 etiam
552 3881 658 3960 mapis
680 3878 708 3933 ff.
798 3881 1244 3948 aescioqa0m0d0,au§4.

147 3948 231 4003 Diese
259 3950 351 4020 grosse
378 3948 626 4032 Leichtfertigkmt
650 3966 708 4003 ver·
799 3951 925 4007 aetatis
938 3952 1005 4021 dep.
1020 3950 1327 4006 ratiorrera‘hebens-

150 4019 231 4092 dient
248 4021 408 4074 umsomehr
425 4020 522 4088 Tadel‚
541 4037 571 4090 Je
589 4024 711 4075 unent·
743 4021 868 4090 'berulfi
892 4023 971 4075 sonst
991 4037 1077 4093 perias
1101 4021 1173 4076 ritae
1196 4020 1264 4074 oder
1285 4023 1325 4075 oi-

147 4089 349 4147 behrlicher
373 4093 561 4160 (necessarias)
585 4091 635 4146 das
658 4091 712 4145 Be·
765 4093 859 4158 oeadi,
896 4091 969 4145 auch
1000 4092 1124 4147 eerrdieio
1155 4092 1226 4146 ritae
1259 4091 1327 4145 oder

151 4160 260 4214 dflrfnis
280 4161 330 4215 der
347 4161 391 4215 Fr.
410 4160 456 4215 ist.
729 4215 733 4223 ,
764 4161 839 4216 blois
858 4162 923 4217 rita.

181 4232 218 4285 ia
252 4233 352 4287 retas
387 4233 543 4287 hamanis
584 4231 625 4284 ‘in
662 4232 711 4286 der
801 4239 965 4303 expertem
983 4233 1037 4287 sai
1057 4231 1288 4287 ‘unbeeinflusst’.

148 4301 244 4355 Wolt'.
801 4305 987 4372 asperitate
1014 4334 1048 4343 —
1076 4310 1220 4359 naturae
1264 4303 1325 4357 ‘ab-

164 4371 362 4427 venditatio
369 4375 536 4442 quaedam
551 4381 582 4431 et
595 4381 710 4432 osterr-
765 4375 922 4430 stolsendes
940 4373 1000 4427 und
1018 4373 1323 4443 gefdhllosesWesen'.
