2910 4716
128 235 171 298 18
516 235 668 290 LAELIUS
686 235 736 289 DI}
754 235 919 290 AMICITIA

128 396 255 461 animus
275 396 309 461 in
328 401 432 462 morte
451 397 604 462 facillime
623 396 728 462 evolet
745 402 912 481 tamquam
931 420 948 462 e
967 399 1113 463 custodia
1127 399 1309 484 vinclisque

125 485 282 570 corporis,
307 485 358 550 cui
382 507 548 551 censemus
573 508 701 551 cursum
725 486 766 550 ad
789 485 865 550 deos
888 486 1066 552 faciliorem
1089 487 1189 552 fuisse
1209 511 1306 572 quam

127 572 295 658 Scipioni?
332 573 488 651 Quocirca
516 596 656 639 maerere
683 574 746 639 hoc
773 574 842 640 eius
867 580 983 640 eventu
1005 597 1118 640 vereor
1140 598 1181 640 ne
1203 577 1306 641 invidi

126 663 232 747 magis
260 685 357 747 quam
384 663 479 726 amici
503 663 554 727 sit.
601 661 790 728 sinautem
813 662 870 728 illa
892 664 1031 749 veriora,
1057 669 1094 729 ut
1117 664 1203 729 idem
1225 665 1306 729 inte-

127 752 210 817 ritus
238 752 281 816 ait
308 751 490 815 animorum
517 755 550 816 et
577 773 749 835 corporum
775 773 834 815 nec
857 751 943 816 ullus
968 773 1080 817 sensus
1103 757 1245 838 maneat,
1268 758 1307 817 ut

126 839 209 903 nihil
227 840 305 904 boni
324 845 373 904 est
391 839 426 903 in
444 843 557 924 morte,
581 839 627 904 sic
646 845 731 904 certe
749 839 833 903 nihil
851 840 943 924 mali3
965 862 1061 906 sensu
1080 841 1166 906 enim
1185 842 1307 906 amisso

125 928 164 991 fit
186 927 285 1013 idem,
309 928 402 1011 quasi
424 932 521 991 natus
543 950 608 993 non
632 933 717 992 esset
740 928 881 1014 omnino,
907 950 1003 1013 quem
1026 934 1135 994 tamen
1159 952 1228 994 esse
1251 953 1304 995 na·

124 1020 196 1079 tum
226 1020 258 1079 et
288 1038 348 1081 nos
378 1017 554 1101 gaudemus
584 1022 616 1082 et
645 1017 725 1082 haec
754 1017 883 1102 civitae,
913 1017 991 1081 dum
1021 1018 1090 1102 erit,
1120 1019 1302 1083 laetabitur.

127 1101 184 1170 lh.
204 1102 308 1180 Quam
327 1105 368 1170 ob
387 1127 455 1168 rem
474 1126 547 1168 cum
564 1105 622 1170 illo
643 1107 780 1190 quidem,
799 1109 836 1169 ut
855 1128 952 1189 supra
967 1105 1043 1191 dixi,
1061 1110 1169 1171 actum
1184 1107 1307 1190 optime

125 1197 188 1277 est,
216 1215 343 1258 mecum
371 1193 620 1278 incommodius,
648 1217 743 1278 quem
771 1195 876 1259 fuerat
903 1195 1051 1279 aequius,
1078 1199 1115 1258 ut
1142 1196 1233 1279 prius
1257 1195 1305 1258 in-

125 1281 279 1345 troieram
306 1283 342 1346 ia
368 1284 478 1360 citam,
506 1283 553 1346 sic
575 1283 667 1367 prius
691 1283 777 1347 exiro
801 1283 840 1347 de
863 1284 939 1348 vita.
986 1281 1049 1347 sed
1071 1287 1179 1346 tamen
1202 1304 1305 1347 recor-

125 1369 254 1433 datione
283 1374 413 1435 nostrae
443 1370 605 1435 amicitiae
637 1372 684 1435 sic
712 1371 816 1458 fruor,
846 1376 883 1435 ut
914 1372 1007 1436 beate
1037 1370 1157 1435 vixisse
1186 1372 1306 1455 videar,

124 1458 200 1541 quia
230 1479 303 1523 cum
332 1457 482 1543 Scipione
509 1459 659 1544 vixerim,
692 1481 831 1544 quocum
860 1460 942 1524 mihi
971 1460 1142 1524 coniuncta
1166 1481 1242 1524 cura
1266 1458 1304 1523 de

123 1545 254 1630 publica
276 1569 311 1610 re
335 1551 367 1610 et
390 1548 429 1611 de
451 1548 578 1631 privata
601 1548 674 1633 fuit,
697 1570 836 1633 quocum
860 1552 893 1612 ot
916 1549 1030 1613 domus
1053 1548 1117 1612 fuit
1136 1551 1168 1612 et
1185 1548 1305 1612 militia

125 1636 304 1699 communis
334 1640 379 1720 et,
407 1636 441 1699 id
468 1636 502 1698 in
529 1658 593 1720 quo
618 1641 667 1701 est
691 1637 795 1701 omnis
818 1637 868 1701 vis
893 1637 1066 1721 amicitiae,
1090 1637 1304 1720 voluntatum,

125 1723 320 1809 studiorum,
351 1725 583 1789 sententiarum
618 1747 744 1790 summa
775 1726 951 1790 consensio.
997 1723 1112 1810 Itaque
1141 1747 1206 1789 non
1236 1729 1304 1788 tam

122 1810 187 1875 ista
213 1834 266 1875 me
294 1811 487 1897 sapientiae,
510 1835 607 1896 quam
630 1813 726 1877 modo
750 1813 893 1877 Fannius
917 1814 1194 1898 commemoravit,
1217 1813 1305 1877 fama

124 1899 270 1986 delectat,
293 1900 376 1964 falsa
398 1901 598 1986 praesertim,
622 1923 720 1984 quam
743 1900 831 1984 quod
854 1901 1015 1965 amicitiae
1037 1905 1168 1964 nostrae
1186 1923 1305 1965 memo-

158 2128 406 2194 calceaverimus,
423 2127 486 2182 wir:
505 2143 577 2180 wem
592 2126 680 2180 muse
770 2128 916 2182 uicerim
935 2125 1085 2194 subjcktiv.
1123 2114 1201 2181 libor
1214 2129 1303 2183 uicere

122 2200 234 2267 (mag).
255 2241 259 2252 .
281 2199 309 2266 .’,
337 2197 392 2267 vgl.
418 2203 486 2263 524
512 2199 580 2267 qaid
607 2199 681 2252 urbi·
735 2215 797 2253 cum
815 2198 947 2267 aliquos.
968 2203 1071 2262 zu52.

121 2275 236 2324 tramwr.
771 2269 852 2323 miti
878 2269 1060 2322 coniuncta
1083 2299 1117 2308 -
1139 2269 1212 2335 fuit
1242 2269 1300 2323 ‘ioh

157 2344 274 2393 eventu
293 2337 471 2392 ‘Schicksal’.
735 2338 836 2393 teilte'.

157 2411 419 2464 uereorac-sit
435 2409 681 2479 ‘durfte(mochte)
768 2409 911 2478 publica
938 2408 1152 2477 vorangcstellt,
1184 2426 1219 2461 zu
1246 2415 1261 2475 5
1285 2416 1299 2463 1

120 2481 270 2534 verraten’a
307 2478 372 2534 Wie
396 2496 488 2534 uereor
511 2497 545 2534 uc
569 2479 610 2532 als
634 2495 682 2548 ge·
735 2480 812 2534 uirili
830 2486 900 2549 topa.

121 2549 251 2604 mildcrte
269 2549 418 2631 Bejahung
438 2550 525 2619 dient,
544 2567 575 2604 so
591 2566 682 2604 uereor
771 2556 801 2604 ct
827 2551 942 2603 domas
964 2578 999 2589 -
1022 2554 1052 2603 et
1078 2549 1208 2604 militia
1239 2549 1303 2603 ‘das

120 2627 152 2676 ut
177 2620 219 2674 als
244 2620 412 2691 gemssderte
436 2620 618 2690 Vemeinung
636 2621 681 2691 (=
736 2620 831 2673 Lehen
855 2619 896 2672 im
919 2618 1014 2672 Hause
1042 2619 1101 2672 und
1128 2619 1168 2673 im
1194 2619 1302 2674 Feldc'.

122 2691 305 2762 schwcrlich).
736 2688 1304 2760 LaliusvvarhcgatdcsScipiow'ahrend

155 2762 220 2816 illa
236 2762 310 2832 ‘jone
323 2762 480 2816 Ansioht'
497 2766 541 2831 (zu
555 2769 570 2828 5
585 2769 600 2816 6
615 2764 682 2832 hoc),
738 2761 829 2816 seinos
854 2761 1009 2830 Feldzuges
1033 2776 1125 2831 gagen
1148 2761 1257 2814 Kartha
1278 2778 1302 2816 o.

121 2832 166 2887 die
193 2851 228 2886 zu
251 2833 365 2904 Anfang
391 2834 440 2888 des
464 2839 532 2900 513
556 2834 683 2887 erwahnt
773 2833 809 2886 ia
840 2833 878 2886 iu
909 2848 970 2900 quo
990 2830 1018 2885 ff.
1052 2832 1264 2886 nachdrucksvo
1289 2848 1304 2885 e

119 2903 165 2958 ist.
202 2903 255 2958 Die
281 2905 457 2985 Auslassung
483 2921 538 2958 von
566 2921 619 2959 esse
645 2903 684 2957 ist
737 2901 960 2971 Voranstellung
983 2901 1034 2955 dor
1051 2901 1228 2971 ApposItion.
1267 2901 1303 2956 So

120 2973 167 3028 bei
191 2973 286 3029 Cicero
305 2974 483 3044 gewohnhch
500 2974 531 3028 in
553 2974 683 3028 kurzen
737 2973 834 3042 htufig
852 2973 888 3026 ld
905 2973 986 3041 qaod,
1008 2987 1090 3025 wenn
1109 2972 1159 3025 der
1179 2972 1304 3026 Relativ·

121 3043 224 3099 S'atzen
247 3044 327 3113 (oder
346 3045 563 3168 Gcgens’ataenp,
582 3043 683 3098 beson-
738 3046 797 3097 satz
820 3042 881 3096 sich
905 3041 956 3122 auf
977 3040 1060 3095 einen
1081 3058 1220 3122 'gaunon
1240 3041 1303 3096 Ge·

121 3115 184 3168 ders
213 3113 261 3169 bei
288 3117 333 3170 lu'c
361 3116 404 3169 od.
433 3116 485 3170 illc.
557 3114 594 3184 gl.
614 3120 629 3180 5
649 3119 682 3168 20
738 3113 887 3179 dankcn,
904 3112 985 3166 nicht
1000 3111 1109 3165 aufem
1124 3112 1303 3167 einzelncs

120 3187 263 3241 beluarum
276 3189 326 3241 hoc
339 3187 447 3256 quidem
461 3192 618 3252 extremum,
632 3184 684 3239 illa
736 3184 829 3238 Wort
847 3182 968 3237 bezieht.

120 3264 210 3313 cutem
234 3258 378 3326 superiora
401 3257 507 3312 caduca
527 3263 552 3311 et
569 3257 682 3311 incerta.
773 3256 880 3310 ortuis
902 3255 953 3310 uis
978 3254 1040 3308 ‘das
1064 3270 1152 3324 ganze
1176 3254 1303 3324 Wesen',

122 3327 324 3397 snoohsva
344 3332 509 3397 ssa5as,
528 3331 684 3395 §sasas
738 3324 792 3395 vgl.
813 3331 886 3391 §aa

119 3399 268 3464 und590.
773 3398 898 3451 colant.
931 3396 1016 3449 stud.
1050 3403 1128 3450 seut.
1164 3396 1207 3449 ‘in
1234 3395 1304 3449 Eut

155 3476 191 3524 at
220 3468 285 3549 fugt
313 3468 359 3522 die
390 3469 495 3522 n'ahere
523 3467 684 3535 Erldarung
738 3466 897 3532 schh'issen,
933 3465 1159 3533 Bestrebungen,
1193 3463 1303 3518 Grund-

118 3539 214 3606 hinzu,
233 3555 287 3593 vv1e
307 3540 380 3594 oben
393 3546 425 3595 ut
438 3539 534 3609 optimi
542 3537 571 3593 ff.
586 3556 613 3591 u.
628 3543 643 3603 5
658 3542 681 3590 1.
738 3537 855 3589 satzen'.
892 3534 957 3604 Vgl.
973 3533 1039 3589 Sall.
1056 3534 1116 3588 Cat.
1131 3535 1183 3588 XX
1197 3541 1212 3588 3
1232 3538 1304 3591 idem

119 3609 184 3679 Vgl.
205 3611 278 3663 auch
297 3615 369 3676 55⁷.
737 3607 802 3661 uelle
827 3613 907 3674 atque
932 3605 1004 3659 idem
1028 3607 1113 3671 nolle,
1139 3623 1171 3660 ec
1197 3607 1304 3660 demum

156 3698 275 3736 seusus
295 3679 512 3734 ‘Bevvusstsein'.
737 3676 1008 3745 firomcmiciticest.
1037 3663 1303 3731 llberdenGenitiv

155 3749 681 3807 ut-sichonaessiv:‘zvar—aber'.
738 3766 758 3802 s.
779 3765 813 3800 zu
832 3747 1163 3813 511maerorefuaer1'a

155 3823 354 3892 pandemus
400 3819 459 3874 sich
508 3818 684 3873 innerlich
773 3819 861 3886 modo,
880 3823 933 3883 56.

119 3893 234 3959 stenen,
273 3892 460 3946 laetabitur
496 3889 543 3944 die
575 3889 683 3943 Frende
770 3889 973 3958 pracsertim
997 3888 1069 3941 auch
1087 3887 1118 3941 in
1136 3889 1302 3942 verkiirzten

120 3961 317 4016 ausserlich
335 3979 369 4014 zu
388 3961 529 4015 erkennen
548 3961 646 4030 geben.
739 3959 854 4026 Samen,
881 3956 936 4012 vvis
955 3957 1014 4012 sat.
1034 3976 1070 4011 m.
1090 3964 1105 4024 5
1125 3965 1158 4012 61
1181 3965 1303 4014 servemus

154 4031 241 4102 515.
278 4049 384 4101 capra
403 4038 474 4097 511.
738 4029 1057 4098 hoamatapracserta'm.

155 4104 290 4172 opta‘me,
308 4103 590 4172 zu511praeclare.
775 4101 861 4170 qaod
884 4132 918 4140 —
943 4115 1037 4169 spero
1065 4099 1211 4152 ubersetze
1237 4099 1302 4152 sub·

153 4175 282 4241 suerat,
301 4173 351 4227 das
365 4173 432 4228 Plus
453 4172 680 4244 uamparfektum
738 4170 913 4227 stantivisoh.
950 4170 993 4223 Im
1009 4169 1070 4223 Lat.
1085 4185 1144 4222 war
1162 4186 1221 4237 spes
1240 4172 1300 4224 ent·

118 4242 149 4297 in
171 4245 267 4326 Bezug
292 4244 344 4298 auf
366 4243 412 4298 dle
434 4192 497 4299 heia
520 4244 568 4298 des
587 4243 683 4299 Todes
738 4243 837 4325 sprech
856 4239 1302 4322 nddemvorangehcndenfama

115 4315 169 4369 ,des
189 4314 282 4384 Scipio
301 4319 346 4380 (=
366 4315 483 4383 damals,
502 4315 544 4369 als
561 4359 566 4368 .
583 4359 587 4368 .
604 4316 629 4384 .).
732 4314 813 4368 mcht
843 4311 979 4382 mogum,
1002 4309 1068 4364 we1l
1086 4327 1140 4364 von
1157 4328 1217 4379 spes
1234 4310 1301 4364 hcm

154 4386 271 4461 uideor
289 4386 361 4441 ohne
379 4387 455 4455 miti,
473 4385 527 4440 wie
546 4391 617 4451 541.
731 4386 796 4439 Acc.
817 4400 843 4439 c.
862 4382 915 4437 Inf.
936 4381 1088 4451 abh'ungen
1106 4381 1220 4436 konnte.
