2910 4716
131 211 174 274 28
517 210 670 264 LAELIUS
688 209 737 264 DE
755 209 921 266 AMICITIA

223 371 417 456 Saepissime
440 372 542 457 igitur
564 371 646 436 mihi
670 372 708 436 de
731 372 875 436 amicitia
894 372 1052 457 cogitanti
1070 372 1211 437 maxime
1230 373 1313 436 illud

133 461 401 527 considerandum
423 461 525 525 videri
548 460 639 545 solet,
662 464 772 524 utrum
795 464 928 545 propter
950 460 1196 525 inbecillitatem
1214 465 1312 545 atque

132 550 277 634 inopiam
297 548 476 614 desiderata
495 549 538 613 sit
556 548 709 633 amicitia,
727 553 764 612 ut
784 549 897 614 dandis
916 548 1171 633 recipiendisque
1185 550 1313 614 meritis

134 639 221 723 quod
244 638 317 721 quis
340 638 447 701 minus
470 659 528 722 per
551 659 585 702 se
608 637 677 722 ipse
699 642 819 722 posset,
842 638 877 701 id
899 638 1057 722 acciperet
1076 638 1116 700 ab
1135 637 1200 702 alio
1218 638 1314 702 vicis-

134 727 260 811 simque
283 726 438 810 redderet‚
462 748 503 790 an
526 730 610 790 esset
633 726 695 790 hoc
718 726 855 810 quidem
870 727 1039 811 proprium
1062 726 1232 810 amicitiae,
1256 727 1313 790 sed

133 814 299 898 antiquior
326 818 359 878 et
388 814 555 898 pulchrior
583 818 615 878 et
645 815 750 898 magis
780 837 799 878 a
828 819 944 879 natura
974 815 1046 899 ipsa
1073 815 1219 898 profecta
1248 814 1315 879 alia

134 925 239 968 causa.
284 901 387 966 Amor
417 903 516 988 enim,
546 926 586 967 ex
615 924 679 986 quo
708 902 851 968 amicitia
878 903 1045 968 nominata
1073 906 1135 988 est,
1162 903 1315 986 princeps

134 996 184 1056 est
212 992 253 1055 ad
280 991 538 1056 benevolentiam
566 991 831 1076 coniungendam.
886 991 972 1057 Nam
999 990 1160 1055 utilitates
1183 991 1316 1075 quidem

134 1080 232 1144 etiarn
269 1079 310 1143 ab
347 1079 388 1143 iis
424 1080 647 1164 percipiuntur
680 1101 788 1164 saepe,
825 1080 881 1163 qui
913 1079 1120 1145 simulatione
1152 1079 1313 1144 amicitiae

134 1168 285 1233 coluntur
316 1172 349 1232 et
382 1168 593 1233 observantur
625 1169 782 1252 temporis
819 1189 929 1253 causa,
962 1169 997 1232 in
1029 1167 1172 1232 amicitia
1204 1171 1315 1231 autem

135 1255 219 1320 nihil
237 1258 350 1321 fictum
369 1260 426 1342 est,
448 1257 533 1320 nihil
551 1256 739 1319 simulatum
758 1259 800 1340 et,
824 1256 981 1340 quidquid
999 1261 1057 1342 est,
1080 1256 1113 1319 id
1133 1260 1182 1320 est
1200 1278 1313 1321 verum

134 1349 167 1409 et
190 1344 418 1409 voluntarium.
465 1343 524 1410 27.
547 1343 750 1429 Quapropter
772 1365 791 1407 a
813 1349 929 1408 natura
951 1344 1033 1408 mihi
1051 1344 1180 1408 videtur
1202 1345 1314 1428 potius

136 1456 233 1518 quam
266 1433 306 1496 ab
336 1433 515 1518 indigentia
547 1436 618 1496 orta
648 1431 804 1517 amicitia,
835 1433 1049 1516 adplicatione
1079 1433 1183 1518 magis
1214 1432 1315 1496 animi

136 1544 208 1586 eum
233 1521 372 1606 quodam
396 1543 491 1586 sensu
515 1521 644 1585 amandi
667 1543 764 1606 quam
784 1521 989 1606 cogitatione,
1012 1525 1170 1605 quantum
1188 1520 1244 1584 illa
1262 1541 1315 1585 res

134 1609 289 1674 utilitatis
320 1614 404 1674 esset
433 1609 592 1674 habitura.
648 1609 741 1686 Quod
773 1610 904 1693 quidem
937 1608 1029 1694 quale
1060 1610 1119 1695 sit,
1152 1609 1248 1673 etiam
1279 1609 1316 1673 in

136 1888 280 1943 Beliebter
293 1887 485 1960 Eingangbei
500 1888 604 1944 Cicero.
632 1888 696 1958 Vgl.
787 1890 826 1943 ab
848 1891 893 1944 iia
910 1889 1154 1958 perciperentur
1180 1887 1317 1958 ‘geniosst

137 1960 172 2014 de
192 1962 262 2014 orat.
277 1959 291 2012 Ι
306 1965 320 2012 1
338 1960 514 2030 (lapitanti
526 1961 594 2015 milri
607 1977 696 2028 saepe-
750 1976 818 2013 man
836 1977 890 2014 von
910 1959 1021 2014 denen’.

136 2045 248 2085 numera
279 2037 305 2085 et
331 2032 461 2086 uieawria
488 2037 576 2086 uetera
607 2048 697 2099 repe·

136 2103 221 2157 tenti
255 2103 380 2169 perbeati
414 2102 501 2167 fuisse
536 2103 580 2155 illi
611 2103 699 2157 rideri

136 2172 236 2239 solent,
259 2172 295 2226 de
318 2171 404 2227 divin.
426 2172 453 2225 H
473 2179 486 2225 1
515 2172 699 2242 Quaerenti

136 2244 204 2296 inihi
228 2244 396 2312 multumque
419 2249 444 2297 et
462 2244 513 2296 aliu
531 2244 699 2313 copitanti

137 2314 355 2381 —occurrebat

172 2385 282 2454 ipitur
314 2383 354 2437 im
384 2383 515 2452 Anfange
548 2383 597 2437 der
629 2385 699 2437 Aus-

137 2454 397 2524 einandersetaung.

173 2526 263 2580 illud
282 2526 344 2580 ‘der
361 2524 494 2591 Punite,
520 2541 555 2576 uu
573 2529 588 2588 ξ
607 2525 698 2577 61ιοο.

173 2597 456 2652 considerandum
474 2596 568 2648 ‘wert
582 2594 632 2648 der
645 2594 698 2662 B.'‚

137 2667 191 2721 πίε
210 2673 225 2733 ξ
246 2672 278 2721 19
298 2666 484 2736 appellandos,

173 2739 302 2793 neritis
320 2764 354 2782 =
374 2737 517 2804 benficiis.

174 2810 384 2932 regipiefnldie
388 2849 410 2932 ,d
415 2807 469 2861 πίε
483 2805 700 2916 ωιίετεοὲίίεᾱειί

139 2896 289 3073 Ἔέενῗῃειε
308 2895 391 3019 (idid
411 2894 701 3002 ‘efliracscdffdaPerson

139 3038 156 3074 a
179 3037 245 3074 ern.

170 3097 290 3159 posset.
320 3090 403 3145 Posse
421 3090 530 3158 aliquid
547 3088 586 3142 ist
602 3088 700 3141 ‘etwas

140 3165 185 3232 (zu
204 3161 286 3230 thun)
304 3159 445 3214 imstande
465 3158 546 3213 sein’.

171 3232 349 3302 proprium
397 3228 701 3284 ‘ausschliesslich

140 3300 362 3374 cigentiimlich'.

175 3374 357 3442 antiquior.
393 3373 536 3442 Antiquae
549 3375 614 3440 (von
627 3373 701 3440 ante)

138 3445 178 3499 ist
206 3443 433 3513 ‘urspriinglich'
468 3443 548 3513 (aber
578 3460 631 3495 nur
662 3441 702 3494 im

139 3514 323 3585 Komparativ
341 3514 399 3566 und
418 3512 595 3582 superlativ).

127 3647 128 3651 ἵ
171 3586 350 3654 pulchrior
376 3583 503 3652 ‘edeler'‚
529 3583 566 3636 da
587 3583 702 3652 pulcher

138 3655 219 3710 nicht
243 3654 317 3709 blois
346 3653 553 3722 tisthetisch,
581 3653 702 3707 sondern

141 3726 214 3780 auch
236 3724 422 3779 moralisch
448 3724 533 3779 schlin
556 3723 700 3778 bedeutet.

139 3797 275 3920 Dagegen
288 3794 360 3848 wird
374 3796 424 3849 der
432 3796 579 3865 Urspnrng
593 3795 643 3849 der
656 3795 700 3850 Fr.

141 3885 191 3921 aas
250 3866 416 3937 igennuta
444 3872 511 3932 §29
537 3866 650 3920 humilis
676 3872 702 3920 et

176 3956 617 4077 Aa
643 4009 702 4077 a.

141 4079 222 4150 wisa),
243 4078 288 4133 dre
306 4078 393 4132 Lrebe
412 4081 450 4132 rst
469 4095 498 4132 es
518 4078 564 4131 dre
583 4079 638 4131 -'.

173 4151 334 4218 princeps
366 4154 413 4204 est
444 4151 487 4203 ad
524 4148 616 4218 ‘giebt
648 4148 703 4203 den

141 4223 236 4275 ersten
254 4218 382 4287 Antrieb‚
401 4219 501 4273 Anlass
522 4237 556 4272 zu
574 4221 630 4274 —'.

178 4291 320 4346 benevol.
365 4292 520 4361 coniunp.
558 4307 592 4342 zu
624 4296 639 4355 ξ
669 4296 703 4343 20

139 4364 218 4418 earit.
238 4364 357 4433 iunpere.

787 2040 947 2095 coluntur
962 2037 1073 2108 ‘gechrt
1086 2036 1209 2092 werden’
1225 2036 1315 2090 durch

751 2108 1012 2166 thatstohliehe
1036 2106 1175 2177 Beweise‚
1204 2108 1314 2162 obaer-

752 2189 877 2236 aantur
906 2179 1050 2250 ‘geaohtet
1071 2179 1195 2233 werden'
1226 2177 1315 2232 durch

753 2251 888 2305 {irrisere
903 2250 1023 2308 Zeichen
1038 2250 1087 2304 der
1095 2248 1313 2319 Ehrerbietung.

752 2322 840 2376 Beide
867 2322 980 2376 Wdrter
1008 2320 1071 2375 sind
1105 2319 1224 2375 etehend
1251 2337 1316 2374 vom

752 2391 947 2447 Verh'altnisse
989 2392 1037 2445 des
1077 2390 1210 2445 Klienten
1252 2397 1316 2443 zum

754 2463 868 2516 Patron.

789 2541 947 2609 temporis
988 2556 1092 2595 cauea
1135 2539 1319 2594 ‘besonderer

753 2611 909 2666 Umst‘etnde
923 2611 1031 2681 wegen’
1041 2637 1076 2657 =
1084 2611 1199 2679 tempori
1213 2610 1315 2665 cedens.

788 2693 908 2758 fictura
926 2689 965 2744 ist
983 2690 1233 2761 entgegengesetat
1252 2689 1317 2751 dem

752 2760 1320 2832 folgendenaerurn,simulatumdem

753 2833 822 2903 folg.
841 2833 1073 2887 uoluntarium
1088 2858 1121 2876 =
1136 2832 1279 2886 sincerum.

789 2919 819 2967 et
833 2912 896 2982 (wie
911 2928 961 2980 pue
971 2911 1030 2963 und
1039 2914 1131 2979 atque)
1139 2910 1213 2963 nach
1224 2909 1318 2963 einem

754 2981 941 3051 negativen
961 2980 1043 3035 Satze
1062 3007 1096 3026 =
1117 2980 1271 3034 ‘sondem’.

790 3059 875 3130 927.
908 3060 1026 3127 potius
1052 3057 1179 3113 schliesst
1203 3058 1249 3111 die
1273 3060 1320 3113 in·
1361 3109 1363 3112 a

755 3131 878 3200 dipentia
907 3129 948 3183 als
977 3127 1075 3193 Quelle
1108 3129 1158 3182 der
1184 3129 1228 3184 Fr.
1258 3145 1320 3196 aus,

754 3203 862 3272 nupia
898 3199 1009 3270 negiert
1040 3198 1120 3254 nicht
1151 3199 1239 3269 vtllig
1271 3199 1320 3253 dic

755 3273 884 3343 eopitutio
901 3271 1039 3326 utilitatis.

791 3352 1025 3420 adplicatione
1046 3380 1080 3390 -
1102 3350 1319 3421 capitatione.

755 3422 808 3476 Die
831 3421 942 3476 blossen
964 3420 1096 3475 Ablative
1120 3438 1169 3474 zur
1186 3418 1318 3474 Bezeich·

755 3511 834 3563 nung
853 3492 901 3547 des
915 3491 1024 3546 Mittels
1039 3492 1106 3546 oder
1119 3490 1319 3559 Werhzeuges‚

756 3565 855 3618 dessen
870 3562 930 3617 sich
945 3560 991 3617 die
1000 3562 1093 3616 Natur
1102 3561 1219 3616 bedient
1228 3559 1319 3612 durch

756 3636 806 3689 das
821 3633 970 3688 Bediirfnis
990 3634 1039 3688 des
1054 3633 1170 3687 Gemttts
1190 3631 1250 3685 sich
1269 3647 1320 3695 an7

755 3701 1318 3776 zuschlielsen(‘Geselligkeitstrieb—’).

790 3803 892 3841 sensu
916 3784 979 3839 hier
1002 3784 1065 3856 (πίε
1091 3784 1179 3836 unten
1204 3796 1322 3836 sensus

756 3857 867 3926 annis)
899 3854 1098 3925 hinzugefugu
1135 3869 1183 3905 um
1218 3869 1247 3905 es
1278 3850 1320 3903 im

756 3926 914 3998 Gegensatz
942 3944 975 3979 zu
1000 3924 1162 3995 capitatione
1189 3921 1320 3975 ‘Berech-

757 3999 846 4068 nung'
867 3995 1101 4052 hervorzuheben.

792 4079 856 4132 illa
868 4093 920 4132 rea
929 4103 963 4121 =
973 4071 1184 4140 illud,n'amlich
1193 4069 1324 4124 Freunde

758 4147 849 4202 schaft
872 4144 1029 4200 echliessen.
1071 4142 1182 4196 Ebenso
1206 4140 1322 4194 bezieht

758 4218 818 4272 sich
840 4217 879 4270 im
902 4215 1055 4286 folgenden
1076 4213 1168 4336 guod
1192 4210 1243 4265 auf
1264 4211 1320 4266 den

758 4304 866 4359 ganzen
889 4284 1080 4355 vorhergehen
1101 4300 1136 4338 cn
1156 4281 1319 4339 Gedanken.

796 4358 887 4428 Quod
910 4358 1040 4426 quiden
1063 4355 1159 4425 quale
1184 4356 1229 4410 ait
1248 4354 1322 4416 ‘was
