2910 4716
150 221 194 285 52
314 232 318 239 '
537 216 689 270 LAELIUS
707 215 756 269 DE
775 215 939 271 AMICITIA

144 382 308 448 consecuti
337 381 417 463 sint,
441 378 618 462 inpertiant
647 400 683 442 ea
707 377 773 441 suis
798 378 1098 462 communicentque
1122 401 1195 443 cum
1218 380 1328 463 proxi-

142 472 204 536 mi
210 523 219 555 ‚
247 474 299 554 ut,
328 469 356 532 si
386 467 575 552 parentibus
598 467 667 530 nati
691 467 758 531 sint
780 465 972 552 humilibus,
999 467 1027 530 si
1050 467 1250 552 propinquos
1274 468 1329 532 ha-

143 562 242 624 beant
271 556 473 623 inbecilliore
501 555 553 619 vel
576 555 685 619 animo
708 554 760 618 vel
782 556 927 638 fortuna,
955 578 1066 619 eorum
1089 560 1228 641 augeant
1252 579 1329 641 opes

146 649 258 732 eisquc
282 645 400 711 honori
424 645 490 708 sint
513 648 545 708 et
569 644 730 729 dignitati.
776 643 823 708 Ut
846 644 880 707 in
902 644 1032 726 fabulis,
1056 644 1111 728 qui
1129 644 1329 728 aliquamdiu

147 740 282 821 propter
313 733 551 819 ignorationem
582 733 694 817 stirpis
725 736 757 796 et
787 732 913 817 generis
943 733 978 796 in
1005 733 1164 797 famulatu
1188 735 1329 816 fuerunt,

147 848 220 890 cum
252 823 376 908 cogniti
405 825 480 885 sunt
505 825 537 885 et
560 824 617 884 aut
641 821 774 885 deorum
797 825 853 884 aut
876 843 989 906 regum
1012 820 1072 884 filii
1096 822 1231 905 inventi,
1254 823 1329 886 reti-

28 930 31 936 ’
143 917 223 978 nent
251 916 361 976 tamen
390 911 558 974 caritatem
586 909 620 973 in
648 913 811 994 pastores,
840 931 921 993 quos
951 913 1060 993 patres
1083 911 1203 975 multos
1227 933 1329 975 annos

36 1053 39 1058 .
119 1023 217 1066 ⁴esse
242 1000 402 1064 duxerint.
449 998 543 1075 Quod
571 1002 620 1062 est
643 996 747 1062 multo
770 999 915 1082 profecto
939 999 1043 1083 magis
1066 998 1100 1061 in
1124 999 1208 1063 veris
1231 1000 1330 1082 patri-

144 1091 207 1154 bus
247 1089 407 1171 certisque
444 1086 635 1151 faciendum.
690 1086 828 1151 Fructus
862 1087 947 1150 enim
979 1087 1102 1172 ingenii
1135 1091 1166 1151 et
1198 1088 1329 1152 virtutis

147 1179 318 1261 omnisque
348 1176 564 1260 praestantiae
595 1179 665 1238 tum
692 1198 863 1240 maxumus
892 1175 1031 1261 capitur,
1060 1197 1133 1240 cum
1156 1177 1190 1239 in
1212 1199 1329 1262 proxu·
1442 1220 1445 1227 -

149 1290 240 1331 mum
264 1286 424 1349 quemque
448 1265 619 1328 confertur.

236 1354 306 1418 XX.
355 1351 414 1418 71.
455 1351 503 1416 Ut
525 1353 627 1438 igitur
650 1353 687 1437 ii,
716 1353 772 1435 qui
796 1353 924 1416 suntin
948 1353 1109 1417 amicitiae
1132 1354 1330 1420 coniunctio-

148 1443 264 1527 nisque
288 1441 525 1506 necessitudine
549 1441 745 1526 superiores,
769 1463 946 1525 exaequare
970 1463 1004 1505 se
1027 1463 1100 1506 eum
1123 1443 1330 1508 inferioribus

147 1532 280 1617 debent,
312 1531 358 1594 sic
389 1530 556 1594 inferiores
586 1552 651 1594 non
682 1529 789 1594 dolere
820 1551 853 1594 se
882 1553 900 1594 a
931 1531 998 1594 suis
1028 1535 1084 1595 aut
1114 1531 1244 1618 ingenio
1274 1536 1331 1596 aut

150 1621 284 1685 fortuna
312 1622 368 1683 aut
397 1618 556 1703 dignitate
580 1618 732 1702 superari.
779 1617 924 1694 Quorum
946 1619 1092 1704 plerique
1115 1625 1171 1684 aut
1195 1643 1331 1704 querun-

149 1712 204 1773 tur
224 1730 351 1793 1cmper
370 1707 568 1792 aliquidaut
588 1707 685 1770 etiam
699 1708 904 1792 exprobrant,
923 1729 1025 1792 eoque
1039 1710 1153 1794 magis,
1172 1710 1199 1773 si
1213 1709 1331 1773 habere

148 1820 181 1862 se
211 1800 343 1882 putant,
373 1795 460 1879 quod
488 1795 631 1860 officiose
659 1799 692 1859 et
719 1795 820 1860 amice
848 1801 880 1860 et
910 1818 983 1861 cum
1006 1796 1115 1861 labore
1139 1798 1247 1882 aliquo
1272 1820 1330 1862 suo

147 1887 274 1950 factum
306 1888 426 1968 queant
456 1885 572 1949 dicere:
610 1884 758 1948 odiosum
789 1906 865 1948 sane
894 1907 996 1970 genus
1025 1885 1193 1950 hominum
1223 1887 1331 1951 officia

149 1973 430 2059 exprobrantium!
455 1995 536 2057 quae
553 1972 739 2036 meminisse
759 1972 853 2036 debet
871 1973 908 2056 is,
930 1973 965 2036 in
984 1995 1079 2057 quem
1100 1975 1227 2038 conlata
1247 1979 1331 2058 sunt,

152 2084 219 2127 non
244 2083 504 2145 commemorare,
528 2062 584 2144 qui
608 2061 754 2125 contulit.
802 2059 858 2127 72.
883 2060 987 2137 Quam
1006 2063 1048 2126 ob
1068 2085 1145 2146 rem,
1167 2067 1204 2127 ut
1222 2062 1256 2147 ii,
1274 2064 1331 2146 qui

149 2151 333 2236 superiores
359 2154 443 2234 sunt,
468 2150 669 2214 summittere
693 2172 727 2214 se
750 2150 925 2215 debentia
948 2152 1098 2235 amicitia,
1123 2152 1168 2216 sic
1191 2151 1330 2236 quodam

149 2239 245 2304 modo
278 2240 447 2304 inferiores
479 2239 639 2303 extollere.
687 2237 770 2303 Sunt
800 2240 885 2303 enim
917 2240 1062 2325 quidam,
1093 2241 1149 2324 qui
1168 2241 1330 2321 molestas

154 2328 314 2392 amicitias
337 2329 471 2410 faciunt,
495 2349 568 2391 cum
591 2327 654 2412 ipsi
678 2349 711 2390 se
735 2328 896 2392 contemni
919 2333 1048 2413 putant3
1073 2328 1159 2412 quod
1181 2352 1246 2394 non
1265 2330 1331 2393 fere

182 2589 230 2637 ea,
250 2570 409 2624 derPlural
427 2569 706 2640 verallgcmcinernd.
763 2570 857 2625 schaft
883 2571 924 2625 als
949 2571 1173 2627 natfirliche
1200 2574 1244 2627 Fr.
1272 2592 1328 2626 zu-

182 2644 337 2710 fortuna‚
356 2641 409 2695 wie
428 2648 443 2707 ς
462 2647 504 2696 59.
763 2658 911 2697 sammon
929 2643 1094 2698 behandelt.

182 2714 305 2767 honori
332 2714 403 2767 sint
432 2712 528 2766 ‘ihnen
556 2730 591 2765 zu
616 2712 710 2766 Ehren
798 2716 1080 2769 necessitudine
1126 2715 1222 2785 ‘anges
1260 2715 1329 2769 Ver-

149 2783 344 2837 verhelfen'
370 2783 460 2852 (nicht
478 2783 645 2853 gereichen).
678 2785 710 2839 in
762 2783 890 2839 h‘altnis’.
1026 2835 1028 2839 Α

146 2856 251 2922 fabulis
285 2854 326 2907 ‘in
355 2855 405 2908 der
435 2853 530 2924 Sage’‚·
555 2853 609 2908 wie
632 2872 654 2909 z.
677 2855 709 2908 B.
799 2872 986 2923 exaequare
1022 2873 1056 2910 se
1095 2855 1167 2909 ‘sich
1204 2855 1330 2926 vollig

147 2925 284 2979 Romulus
303 2925 361 2978 und
380 2925 491 2978 Remus.
764 2925 982 2996 gleichstellen'.

180 3002 319 3064 propter
345 2997 593 3066 ignorationem
620 2994 709 3064 passi·
799 2997 910 3050 dolere
928 3023 962 3041 =
982 3013 1061 3065 aepre
1083 2997 1155 3062 terre
1183 2998 1329 3065 ‘empfind-

147 3065 226 3118 visch
245 3092 278 3110 =
298 3067 370 3132 quod
387 3066 595 3134 iquorabantur.
763 3065 821 3119 lich
840 3066 919 3119 sein’.
994 3105 997 3110 .
1162 3065 1165 3073 '

99 3132 105 3144 ’
143 3190 145 3194 ,
183 3136 306 3204 stirpis
332 3143 361 3190 et
383 3136 522 3205 pencris.
560 3135 649 3204 Stirps
672 3135 711 3188 ist
801 3135 1131 3206 Qnarumadversativ.
1185 3144 1190 3152 “

148 3205 210 3259 Tell
229 3205 306 3260 einer
318 3222 396 3276 pens:
418 3205 535 3273 Stamm,
555 3205 710 3273 ‘Familie’;
800 3213 1006 3276 queruntur
1036 3237 1070 3248 -
1100 3198 1329 3276 enprobrant

147 3294 233 3348 genus
260 3277 298 3330 ist
326 3275 520 3347 allgemeiner:
558 3275 708 3330 ‘Abkunft’
766 3277 906 3332 ‘nissen
926 3323 931 3332 .
953 3321 958 3332 .
980 3279 996 3332 .’
1093 3343 1095 3349 ¹

148 3366 170 3402 z.
196 3349 227 3402 B.
255 3364 310 3401 von
342 3347 461 3402 thtern
492 3348 550 3402 und
581 3347 711 3417 Ktnigen
800 3350 958 3417 officiose
974 3348 1186 3419 ‘dienstfertig’‚
1204 3351 1329 3405 nachher

148 3420 270 3488 (deorum
289 3425 338 3473 aut
355 3421 466 3489 repum).
763 3421 865 3488 officia,
883 3420 937 3474 wie
956 3427 971 3486 ς
991 3425 1033 3474 58.

183 3491 355 3556 famulatu
381 3488 625 3558 ‘Dienstbarlreit’‚
652 3488 709 3542 viel
743 3500 759 3533 ’π
798 3507 858 3545 suo
878 3490 1054 3544 ‘ihrerseits’.

44 3560 59 3624 j
148 3558 460 3627 mildenalssernitus.
497 3560 707 3627 Dennderfa-
797 3563 840 3627 is,
863 3563 898 3615 in
922 3563 1172 3630 quemeoniata
1196 3570 1328 3618 sunt—

89 3675 93 3685 .
149 3631 239 3684 mulus
258 3629 335 3682 steht
354 3629 418 3682 dem
435 3630 598 3685 Haushenn
617 3633 708 3701 (erus),
763 3633 820 3702 qui
837 3632 999 3698 eontulit,
1024 3631 1063 3684 im
1081 3631 1114 3686 D.
1135 3633 1327 3688 substantiva.

77 3720 122 4033 l

149 4052 299 4123 mtssigen'
321 4081 354 4099 =
373 4071 430 4108 non
450 4056 549 4110 dubiis.

149 3700 199 3753 der
212 3716 304 3754 seruus
319 3699 382 3753 dem
398 3701 526 3756 dominns
538 3701 707 3772 gegenfiber.
799 3719 1063 3772 cormacus-orare,
1105 3702 1167 3757 hier
1209 3704 1239 3756 in
1284 3723 1330 3758 ur-

185 3771 286 3825 multo
301 3773 455 3839 profecta
474 3775 591 3843 manis,
610 3790 644 3826 zu
662 3779 677 3838 ς
692 3779 707 3826 6
764 3773 959 3844 sprunglieher
972 3773 1142 3844 Bedeutung
1157 3773 1197 3827 ‘in
1211 3774 1329 3829 Erinna-

149 3841 214 3895 iam.
763 3863 836 3915 rung
854 3843 996 3914 bringen’.

185 3913 272 3967 ueris
299 3911 485 3967 ‘wirlrlichen’
514 3913 554 3967 im
581 3913 646 3984 Ggs.
676 3931 710 3966 zu
799 3951 816 4074 q

149 3983 241 4035 denen
273 3983 323 4036 der
355 3982 443 4054 Saga,
475 3986 575 4040 certis
608 3984 710 4038 ‘recht-
764 4039 782 4075 ὃ
814 4023 906 4075 assen‚

800 4093 986 4159 inferiores
1012 4090 1051 4145 ist
1079 4090 1185 4160 Objeln
1217 4109 1251 4145 zu
1284 4109 1329 4147 en·
1388 4109 1391 4114 ·

764 4163 855 4217 tollere
874 4180 911 4216 aa.
930 4164 1033 4218 debent.

185 4229 275 4300 571.
321 4231 573 4286 coniunctionis
595 4231 711 4285 hier=
800 4233 881 4300 ipsi,
917 4232 998 4287 nicht
1034 4236 1107 4287 etwa
1143 4233 1188 4287 die
1221 4234 1330 4288 cher-

139 4301 366 4366 memnquitatis
398 4304 429 4370 (s.
456 4306 548 4372 519),
581 4301 626 4356 die
655 4301 709 4357 Cic.
765 4303 929 4358 stehcnden.

185 4126 368 4193 omnisque,
387 4143 420 4178 zu
433 4125 454 4191 ’ξ
473 4132 507 4179 69
525 4142 647 4195 suasque.

77 4370 86 4431 p
131 4365 192 4415 mit
222 4368 277 4418 der
306 4369 551 4438 eigentlr'ehen
585 4373 711 4440 Freund-
801 4375 871 4442 fere
889 4402 924 4422 =
942 4375 1106 4444 plerumque.

832 3949 879 4004 72.
905 3951 1108 4006 summittere
1127 3965 1158 4004 se
1178 3948 1250 4004 ‘sich
1266 3950 1330 4005 her·
1399 3996 1402 4002 .
